2640 4418
494 345 555 397 mn.
575 346 594 397 r.
616 346 687 398 cur.
709 351 733 399 t.·
749 349 774 400 a.
898 406 902 413 p
1124 337 1165 399 29

103 502 262 576 censione,
298 508 330 561 ut
362 517 482 562 eorum.
499 501 656 561 molestum
693 500 732 561 sit
770 501 958 563 dinumerare
990 502 1166 563 sententias.

103 589 177 648 Nam
200 595 228 648 et
251 586 286 647 de
309 585 412 663 liguris
440 586 563 646 deorum
593 591 623 645 et
645 585 681 645 de
703 585 778 646 locis
801 596 890 666 atque
922 587 1043 647 sedibus
1066 595 1166 665 etac-

102 672 185 733 tioue
206 671 283 731 ritae
304 670 396 731 multa
418 669 572 743 dicuntur,
595 670 691 748 deque
713 670 761 730 his
784 689 897 732 summa
919 671 1165 750 philosophorum

103 756 292 818 dissensione
329 762 473 816 certatur:
513 755 592 833 quod
628 773 697 828 vero
733 754 859 817 maxime
886 775 948 816 rem
971 774 1167 835 caussamque

103 841 245 909 continet
268 848 366 900 utrum
386 839 462 899 nihil
484 848 587 917 agant,
621 838 695 899 nihil
717 839 885 911 moliantur,
910 841 989 901 omni
1014 840 1168 902 curatione

104 936 132 988 et
155 924 413 986 administratione
435 943 533 984 rerum
556 931 728 996 vaconl‚.au
752 935 853 986 contra
876 925 911 985 ab
935 925 972 985 iis
995 935 1025 985 et
1045 944 1062 984 a
1084 925 1167 1004 prin-

103 1010 182 1091 cipio
206 1010 305 1070 omnia
339 1009 414 1069 lacta
438 1017 466 1069 et
488 1009 648 1069 constituta
671 1007 731 1068 sint
763 1017 793 1068 ct
814 1010 850 1070 ad
874 1009 1021 1070 infinitum
1050 1020 1167 1090 tompus

102 1103 242 1176 regantur
277 1103 365 1172 atquc
386 1105 574 1165 moveantur,
612 1093 642 1152 in
678 1093 783 1171 primis
805 1112 909 1171 magna
933 1094 1083 1154 dissensio
1106 1104 1166 1156 est:

103 1199 198 1259 eaque
221 1178 280 1239 nisi
303 1177 488 1251 diiudicetur,
512 1178 543 1238 in
566 1196 681 1238 summo
704 1196 804 1238 errore
819 1186 1010 1239 necesse'est
1030 1180 1167 1239 hominos

104 1276 191 1343 atque
214 1264 243 1323 in
272 1262 464 1324 maximarum
486 1281 587 1324 rerum
615 1262 801 1340 ignoratione
823 1262 945 1324 versari.
990 1264 1065 1323 Sunt
1087 1263 1203 1330 euim2

104 1348 277 1429 philosophi
300 1356 330 1409 et
352 1348 486 1419 luerunt,
516 1347 566 1426 qui
595 1347 717 1408 omnino
740 1348 848 1408 nullam
871 1348 981 1408 habere
1011 1359 1199 1409 censerent3

103 1435 298 1496 humanarum
320 1452 418 1493 rerum
432 1433 671 1511 procurationem
688 1432 770 1492 deos.
816 1433 947 1505 Quorum
969 1432 993 1492 si
1007 1451 1075 1493 rere
1099 1451 1167 1492 sen»

103 1518 195 1579 tentia
220 1527 280 1588 est,
315 1536 390 1595 quae
412 1525 513 1595 potest
543 1536 609 1577 esse
632 1514 755 1599 pietas?
791 1537 866 1596 quae
890 1513 1056 1577 sanctitas?
1092 1536 1168 1595 quae
1251 1532 1254 1537 ’

103 1599 232 1680 religio?
261 1602 341 1662 llaec
370 1601 448 1662 enim
478 1601 576 1662 omnia
609 1620 683 1680 pure
707 1621 741 1662 ac
764 1612 845 1662 caste
868 1602 1022 1662 tribuenda
1046 1601 1168 1662 deorum

104 1686 217 1747 numini
240 1685 280 1745 ita
303 1696 388 1757 sunt,
418 1685 444 1746 si
467 1687 738 1747 animadvertuntur
759 1687 795 1746 ab
819 1687 856 1746 iis
889 1685 966 1746 etsi
989 1694 1034 1745 est
1056 1685 1168 1764 aliquid

104 1791 120 1833 a
150 1771 207 1831 diis
237 1769 453 1830 immortalibus
482 1771 634 1830 bominum
663 1771 764 1846 generi
799 1771 949 1832 tributum.
995 1771 1047 1831 Sin
1070 1781 1168 1832 autern

105 1856 146 1916 dii
160 1873 257 1932 neque
279 1863 406 1933 possunt
418 1873 472 1913 nos
488 1854 587 1914 iurare
601 1874 697 1931 neque
707 1854 818 1925 volunt,
841 1875 895 1914 ncc
909 1855 1030 1914 omnino
1054 1864 1168 1928 curant,

105 1958 161 2000 nec
195 1938 265 2017 quid
299 1956 419 2015 agamus
454 1938 705 2009 animadvertunt,
736 1957 790 1997 nec
813 1947 858 1998 est
887 1939 966 2016 quod
999 1938 1035 1998 ab
1070 1939 1108 1998 iis
1131 1941 1167 2000 ad

104 2024 256 2083 hominum
278 2024 366 2083 vitam
389 2041 564 2102 permanare
586 2022 697 2100 possit:
731 2022 800 2101 quid
824 2030 885 2095 est,
909 2022 988 2101 quod
1011 2022 1087 2082 ullos
1110 2023 1169 2084 diis

105 2108 321 2169 immortalibus
344 2109 449 2180 cultus,
471 2107 611 2181 honores
634 2126 739 2186 preces
762 2104 979 2168 adhibeamus?
1011 2108 1044 2167 ln
1067 2109 1169 2186 specie

105 2203 202 2254 autem
224 2192 310 2254 fictae
334 2192 549 2261 simulationis,
573 2192 650 2253 sicut
670 2191 801 2271 reliquae
824 2193 955 2264 virtutes,
979 2192 1049 2252 item
1072 2192 1168 2272 pietas

138 2379 185 2411 rom
208 2378 351 2424 causamque.
387 2358 439 2408 Der
467 2358 613 2420 allgemeine
656 2359 718 2406 auch
738 2359 778 2407 die
796 2357 929 2408 Menschen
948 2374 1026 2420 gegon
1048 2359 1088 2408 die
1107 2359 1168 2409 Git-

104 2427 236 2478 Ausdruck
253 2427 318 2475 wird
337 2427 412 2475 durch
427 2427 473 2475 den
487 2426 615 2490 specielle-
657 2433 697 2475 ter
714 2426 781 2475 nicht
799 2426 840 2476 die
860 2428 934 2475 durch
944 2432 1024 2492 pictos,
1045 2433 1165 2492 sanctitas,

63 2555 64 2564 ἵ
104 2511 150 2546 ren
168 2496 246 2544 uther
262 2494 401 2543 bestimmt:
423 2494 487 2543 donn
498 2513 569 2546 causo
581 2505 614 2546 est
655 2494 905 2560 rolipiobczeichnete
920 2493 1063 2556 Gesinnuug
1076 2495 1164 2558 hegen.

104 2583 141 2615 res
159 2582 217 2630 quoe
235 2567 335 2614 hohetin
346 2581 371 2613 se
385 2563 613 2625 coutroversiomldc
655 2566 736 2623 Pietas,
756 2562 944 2627 pllichtgetreue
964 2561 1107 2625 Gesinuung
1124 2579 1167 2626 ge-

104 2630 199 2681 lnvent.
219 2629 237 2688 Ι,
260 2633 282 2688 6,
307 2631 341 2684 8l.
656 2643 702 2690 gen
722 2629 876 2693 diejenigen‚
906 2630 951 2678 urit
973 2630 1086 2680 welchen
1110 2646 1167 2681 man

137 2705 163 2751 iu
180 2697 265 2750 sumum
284 2716 369 2750 rmore.
394 2695 469 2763 Nicht
481 2697 568 2746 immer
580 2696 614 2746 ist
656 2697 681 2744 in
708 2698 814 2747 ndherer
840 2697 982 2760 beziehung
1008 2700 1086 2757 steht,
1115 2699 1166 2749 wic

105 2785 168 2819 error
186 2781 249 2827 ganz
267 2766 312 2814 mit
329 2763 471 2814 lrrthum
489 2764 613 2826 gleichbe-
655 2764 821 2820 Vomanus,
849 2767 1049 2827 Arutsgenossen,
1070 2766 1167 2828 Vorge-

105 2834 226 2884 deutcnd:
253 2833 291 2882 olt
313 2832 346 2881 ist
368 2848 396 2882 es
420 2848 466 2882 nur
484 2833 524 2882 dic
542 2832 614 2882 Unsi-
656 2839 746 2881 setzte:
769 2833 916 2883 namentlich
934 2833 987 2884 also
1006 2834 1069 2883 auch
1088 2849 1167 2895 gegen

105 2901 217 2951 cherheit
242 2900 290 2948 und
314 2900 359 2948 das
377 2902 475 2949 unstite
495 2900 613 2949 Schwan·
656 2899 696 2948 die
715 2899 805 2949 Gitter
822 2901 1001 2950 alsObwalter
1020 2901 1168 2949 nndWohl·

104 2971 160 3026 ken,
181 2983 236 3017 was
249 2967 541 3029 ausderUngewissheit
551 2968 613 3017 iiber
655 2968 745 3016 thitcr.
777 2968 855 3017 Unteu
873 2983 894 3016 c.
916 2971 955 3025 41,
980 2970 1027 3018 116
1046 2967 1111 3017 wird
1130 2969 1167 3019 sie

105 3039 149 3087 dus
165 3037 258 3086 Rechts
272 3034 418 3100 entspringt
451 3035 484 3085 So
501 3035 613 3087 wirder-
656 3034 693 3083 als
717 3039 807 3086 iustitia
830 3040 950 3087 adeersum
974 3041 1028 3087 deos
1053 3035 1168 3088 bezeich-

103 3122 154 3156 rurr
172 3105 209 3154 olt
226 3119 289 3166 ganz
307 3102 344 3151 als
363 3118 484 3169 synouym
503 3118 550 3152 von
565 3121 613 3155 um-
656 3110 711 3158 not;
728 3103 776 3151 und
783 3102 1020 3155 ehendortsonctitas
1027 3103 1064 3154 als
1072 3109 1168 3158 scientia

106 3177 187 3234 hipere,
207 3176 316 3224 incertum
335 3189 384 3222 esse
397 3170 542 3232 gebraucht,
562 3169 612 3220 wie
656 3175 801 3222 colendorum
815 3175 915 3234 deorum,
929 3172 1048 3222 worriber
1063 3171 1168 3223 dasNai-

105 3238 186 3288 Plani.
213 3239 264 3291 Mil.
290 3237 322 3301 gl.
343 3234 384 3296 lll‚
414 3241 435 3296 l,
460 3242 521 3290 197:
552 3257 610 3302 erro,
655 3238 715 3287 berc
744 3237 769 3285 in
794 3239 816 3288 d.
845 3239 932 3287 Auurk.
970 3239 1109 3302 Eigentlicb
1134 3241 1167 3291 ist

106 3324 173 3372 quom
195 3312 289 3359 insistes
311 3312 378 3359 oium.
415 3306 502 3357 Seuer.
523 3308 611 3370 Agant.
656 3311 765 3359 sanctitas
793 3306 838 3355 das
865 3306 998 3365 tadellosc‚
1029 3309 1167 3358 vorwurfs-
1230 3308 1233 3314 ’

107 3375 169 3424 144:
207 3380 247 3426 ubi
272 3380 361 3426 colurus
392 3385 465 3439 cnut,
498 3380 615 3439 ,optimum
656 3373 732 3430 lreic,
760 3373 952 3424 unbescholteue
970 3373 1106 3426 Verhalten
1125 3377 1167 3437 go*-

107 3450 139 3492 est
158 3457 235 3492 cesum
252 3448 322 3508 sequi.
358 3441 415 3504 Vgl.
437 3443 467 3492 de
487 3443 560 3491 Ollio.
581 3441 610 3500 11,
657 3456 704 3503 gen
729 3440 769 3490 die
795 3441 898 3491 Gdtter:
930 3446 1010 3504 rettpto
1038 3443 1100 3492 aber
1126 3443 1166 3492 dic

107 3510 129 3565 2,
151 3509 181 3558 t:
201 3526 248 3558 nou
264 3527 341 3561 sumus
359 3515 385 3572 ii,
409 3529 505 3576 quorum
521 3520 615 3574 cupetur
656 3510 840 3572 Aucrkcnnung
848 3510 893 3558 der
902 3509 1095 3574 vespilionum,
1114 3525 1166 3558 wo-

106 3580 196 3628 animus
209 3593 292 3637 errore,
305 3595 346 3628 roeo
356 3582 438 3629 habeut
450 3597 550 3645 uuquam
559 3583 615 3644 quid
657 3577 733 3625 durch
744 3591 800 3625 man
811 3578 862 3626 sieh
873 3578 1002 3640 gebunden
1016 3577 1084 3634 ldhlt,
1106 3577 1167 3628 wcl-

107 3652 222 3709 sequatur.
256 3643 303 3690 und
323 3651 397 3693 unten
415 3643 444 3702 11,
469 3648 489 3702 l,
513 3647 542 3696 2:
568 3664 615 3697 nou
657 3645 726 3693 chem
744 3645 839 3706 Begrilf
854 3645 894 3695 die
912 3646 1045 3706 Ahleitung
1062 3660 1110 3693 von
1128 3664 1165 3698 re-

106 3720 218 3764 erruntem
236 3720 256 3761 ot
270 3729 362 3775 napum,
386 3717 426 3764 sod
443 3717 548 3766 stabilem
565 3731 614 3766 cer-
658 3718 730 3778 lr'pare
755 3713 796 3762 bei
820 3713 934 3763 Lactaut.
956 3712 997 3769 lV,
1019 3715 1050 3764 28
1077 3713 1167 3764 bosser

106 3789 196 3845 tamque
213 3782 353 3830 sententium.
657 3797 688 3830 zu
707 3782 868 3846 entsprechen
887 3780 988 3837 senciot,
1010 3781 1048 3830 uls
1066 3781 1106 3830 die
1117 3797 1167 3832 von

140 3845 171 3901 2.
190 3848 214 3897 3.
235 3844 320 3895 Wenu
339 3845 379 3894 die
396 3845 483 3896 (litter
499 3849 551 3898 sich
569 3862 616 3910 gar
657 3848 747 3899 Cicero
760 3847 788 3906 ll,
808 3851 850 3905 28,
872 3849 904 3898 72
921 3856 1102 3912 vorgctragene
1117 3866 1166 3901 von

107 3915 174 3963 nicht
190 3930 229 3964 urn
248 3914 288 3964 die
312 3912 492 3963 menschliohcn
509 3915 615 3978 Angelo-
654 3921 762 3982 relepcre.

107 3982 238 4045 geuheiten
259 3981 432 4038 bohdmmcrn,
464 3997 491 4031 so
517 3984 615 4034 konnen
689 3989 755 4050 petae
783 3986 944 4035 simulationis.
978 3984 1085 4036 Frellich
1108 4000 1167 4036 vcr-
