2640 4418
546 319 608 370 urs.
628 319 648 370 1.
670 318 741 373 car.
762 321 786 371 c.
807 322 832 369 r.
973 296 991 387 ,“
1187 304 1227 367 37

160 477 235 538 mihi
257 493 362 554 magna
376 473 412 534 de
434 492 467 534 re
491 474 644 535 altercatio
670 491 735 535 cum
758 471 887 544 Velleio,
912 471 958 532 cui
981 490 1036 550 pro
1056 477 1105 531 tuo
1129 470 1227 530 studio

162 559 516 641 thi...{dlfillllmoie
534 558 700 632 ,interesse
744 558 833 636 Atqui
861 556 934 617 mihi
968 574 1085 635 quoque
1114 554 1263 630 videor,7

77 626 104 713 Ι
122 687 137 747 ,Π
161 646 292 725 inquam,
313 643 441 717 venisse,
465 654 498 703 ut
519 643 610 713 dicis,
634 650 811 722 opportune.
867 641 948 701 Tres·
966 640 1044 720 enim
1068 639 1157 700 trium
1179 640 1224 701 di·
1241 649 1271 699 16

77 720 358 808 disciplinarum
379 726 533 808 principes
557 726 747 798 convenistis
792 726 829 788 M.
853 726 931 787 enirn
954 725 1026 786 Piso
1050 724 1075 785 si
1098 725 1226 797 adesset,
1276 718 1281 727 “
1315 786 1318 789 ,

85 793 125 856 ³³'i
162 808 271 875 nullius
293 812 520 893 philosophiae,
552 830 652 872 earnm
683 811 817 890 quidenl,
852 809 980 889 quaein
1010 809 1123 869 honore
1148 818 1227 881 sunt,

162 905 279 961 vacaret
300 898 393 958 locus.
438 897 512 957 Tum
537 897 638 965 Cotta,
662 895 709 968 Si,
733 896 839 974 inquit,
862 895 939 956 liber
959 893 1098 954 Antiochi
1122 894 1228 964 nostri,

162 983 212 1063 qui
236 983 272 1043 ab
296 999 337 1042 eo=
355 968 450 1060 ndper
472 981 508 1042 ad
531 981 610 1042 hunc
631 981 754 1041 Balbum
777 980 894 1040 missus
911 987 972 1052 est,
994 998 1062 1039 vera
1086 979 1228 1057 loquitur,

113 1101 115 1104 ·
161 1058 237 1129 nihil
259 1077 305 1128 est
327 1067 405 1145 quod
429 1065 584 1139 Pisonem,
618 1065 793 1126 familiarem
826 1073 924 1137 tuum,
959 1063 1123 1124 desideres.
1167 1064 1227 1123 An·
1295 1139 1297 1148 Ι

163 1153 264 1214 tiocho
288 1151 367 1212 enim
391 1149 485 1211 Stoici
517 1169 583 1210 cum
605 1149 813 1229 Peripateticis
842 1168 874 1210 re
897 1149 1057 1229 concinere
1080 1147 1227 1222 videntur,
1300 1146 1306 1155 “

160 1236 259 1298 verhis
289 1236 474 1330 discrepare:
513 1253 572 1313 quo
600 1234 637 1295 de
664 1235 741 1296 libro
769 1233 856 1294 velim
886 1233 981 1304 scire,
1015 1231 1120 1303 Balbe,
1157 1233 1228 1311 quid

161 1322 280 1382 sentiae.
323 1316 448 1398 Egone?
481 1318 577 1397 inquit
598 1319 657 1380 ille.
701 1319 793 1379 Miror
814 1316 1000 1388 Antiochum,
1023 1316 1175 1377 hominem
1197 1317 1229 1377 in

160 1405 266 1485 primis
291 1413 418 1478 acutum,
443 1422 501 1463 non
523 1403 645 1476 vidisse,
669 1404 814 1464 interesse
827 1402 987 1481 plurimum
1006 1400 1084 1461 inter
1097 1400 1228 1474 Stoicos,

127 1490 212 1569 iqui
235 1490 360 1549 honesta
386 1510 400 1551 a
426 1488 590 1548 commodis
614 1507 673 1548 non
696 1485 830 1559 noinine,
862 1487 915 1548 sed
939 1503 1048 1563 genere
1080 1493 1144 1545 toto
1168 1485 1230 1544 dis·
1294 1561 1297 1575 Ι

99 1504 131 1638 d
161 1575 333 1651 iungerent,
358 1580 387 1633 et
408 1572 641 1650 Peripateticos,
679 1572 729 1650 qui
751 1573 876 1632 honesta
905 1570 1133 1631 commiscerent
1162 1588 1247 1633 curn.

162 1657 337 1728 commodis,
362 1667 393 1716 ut
415 1675 448 1716 ea
471 1657 550 1716 inter
572 1676 604 1718 se
617 1657 822 1738 magnitudine
845 1664 875 1717 et
898 1655 982 1735 quasi
996 1654 1144 1734 gradibus
1167 1673 1229 1714 non

154 1734 269 1821 *genere
292 1741 455 1801 differrent.
500 1741 580 1802 Haec
602 1741 680 1802 enim
712 1749 838 1802 estnon
860 1741 1018 1802 verborum
1040 1757 1145 1818 parva,
1175 1739 1244 1800 sed⁴

160 1821 258 1888 rerum
289 1842 449 1903 permagna
473 1825 632 1886 dissensio.
676 1825 783 1886 Verum
812 1825 886 1886 haec
914 1824 1002 1887 alias:
1040 1841 1119 1884 nunc
1148 1825 1228 1903 quod
1245 1833 1273 1881 17

82 1645 85 1652 ι

160 1991 270 2044 Wdrter
296 1991 329 2041 ist
355 1991 524 2041 schwanhend
552 1991 600 2040 und
628 2006 671 2039 un·
714 1991 746 2040 de
758 1989 836 2054 Legg.
849 1989 867 2048 l,
886 1991 925 2047 21,
942 1992 989 2041 55:
1007 1988 1094 2053 (Zeno)
1107 2008 1176 2057 quum
1187 1995 1227 2042 de-

161 2060 256 2124 gleichss
278 2059 398 2110 werdher
415 2075 446 2108 zu
463 2059 513 2121 vgl.
535 2057 671 2109 Schneider
713 2078 754 2112 cue
773 2063 834 2126 quod
852 2063 941 2124 antiqui
955 2077 1064 2110 sumntum
1079 2063 1162 2109 bonurn
1178 2077 1228 2110 eece

160 2128 374 2178 Elementarlehre
392 2125 411 2176 Ι.
433 2126 459 2176 S.
482 2128 538 2179 192.
714 2131 828 2190 dicerent,
849 2131 923 2178 solum
941 2131 1023 2177 bonane
1040 2129 1109 2188 dicat,
1130 2129 1228 2191 itemque

193 2201 310 2249 altercatio
328 2195 475 2245 bezeichnet
493 2195 581 2244 immor
598 2194 670 2244 einen
714 2199 811 2247 dedecus
842 2198 903 2260 qrrod
937 2197 974 2244 iili
998 2210 1109 2244 summum
1132 2196 1226 2257 maium,

158 2264 298 2323 lehhal'ten,
327 2263 394 2313 nicht
411 2264 474 2312 ohne
492 2262 671 2313 Leidenschalt
713 2267 853 2325 hiesoluna,
872 2265 973 2323 diuitias,
992 2264 1154 2322 ualetudinem,
1172 2265 1228 2327 pul-

159 2333 291 2394 geldhrten
309 2329 505 2382 Wortwechscl.
523 2343 529 2352 ·
713 2335 864 2382 ehritudinem
874 2333 1004 2381 commodos
1016 2347 1054 2380 res
1064 2332 1170 2393 appellet,
1181 2347 1228 2380 nan

192 2395 221 2455 7.
243 2400 282 2449 16.
303 2401 332 2448 ll.
356 2402 416 2450 Piso.
453 2396 625 2447 Gemelut’ist
641 2399 671 2448 la.
715 2402 803 2460 honac,·
819 2399 1163 2467 paupertatem,debilitatem
1184 2401 1227 2448 do-

157 2469 242 2532 Pupius
264 2469 316 2517 Piso
344 2467 524 2531 Calpurnianus,
554 2463 673 2530 Adoptiv-
715 2468 785 2516 lorene
802 2468 964 2527 incommodos,
984 2482 1030 2516 non
1047 2467 1139 2516 malas:
1158 2469 1227 2519 sentit
1315 2520 1317 2528 ¹

159 2530 220 2583 soh'n
246 2532 315 2583 eines
333 2532 366 2582 M.
387 2531 494 2598 Pupius,
523 2531 615 2582 Consul
639 2533 671 2582 im
715 2537 775 2593 idern
792 2537 853 2600 quod
871 2535 1015 2594 Xenocrates,
1036 2535 1097 2598 quod
1114 2534 1226 2584 Aristote-

156 2600 180 2651 J.
202 2602 265 2659 693,
294 2616 343 2650 von
363 2599 451 2650 Cicero
477 2601 558 2650 dlters
576 2600 613 2649 als
632 2601 672 2650 ein
715 2604 756 2662 les,
777 2605 878 2666 loquitur
896 2604 942 2651 aiio
961 2604 1036 2651 mado.
1073 2602 1164 2661 Euhoe
1182 2617 1226 2651 uu-

131 2696 134 2702 ‹
156 2668 449 2735 praktischuntiichtiger
461 2661 672 2718 undeitlerMann
714 2663 759 2719 loo
777 2685 822 2721 non
838 2686 914 2718 rerum
938 2672 978 2718 seri
999 2671 1117 2718 verinum
1136 2671 1226 2719 discor-

159 2736 282 2798 getarlelt‚
311 2736 443 2785 anderswo
465 2736 557 2800 jedoeh
582 2751 671 2798 wegen
715 2738 754 2786 dia
767 2740 920 2788 controuersia
932 2743 988 2786 neta
1001 2743 1033 2785 est
1044 2738 1071 2785 de
1085 2738 1170 2798 finibus
1184 2744 1226 2786 etc.

157 2802 491 2861 seinerUnhescholtenheit,
513 2803 672 2853 Beredtsam·
747 2806 843 2867 Epona?
877 2801 977 2863 Ehenso
996 2807 1071 2850 unten
1089 2799 1130 2859 111,
1152 2803 1175 2858 3,
1199 2803 1222 2853 8.

157 2871 211 2920 keit
241 2870 290 2919 und
317 2869 518 2920 Gelehrsamleit
547 2871 667 2932 gerdhmt.
713 2866 771 2931 Vgl.
792 2870 823 2918 de
841 2867 919 2931 Legg.
942 2871 963 2926 1.
992 2871 1015 2925 4,
1045 2870 1091 2919 Ι4;
1120 2873 1161 2920 sed
1179 2873 1225 2921 iarn

138 2938 194 2989 'Er
210 2952 267 2986 war
285 2937 331 2986 der
350 2937 564 3002 Peripatetischen
582 2936 672 2987 Schule
715 2941 791 2988 ordire
809 2938 937 3001 euplicirre,
958 2954 1057 3003 quaeso,
1078 2939 1106 2986 de
1123 2940 1173 2987 iure
1191 2941 1225 2989 ci-

156 3006 288 3068 zugethau,
307 3005 356 3054 und
370 3004 458 3054 Cicero
470 3004 533 3054 lisst
544 3004 585 3053 ihu
597 3004 630 3053 im
645 3006 669 3055 5.
713 3006 755 3054 ciii
778 3006 834 3069 perid
860 3007 954 3054 sentiae.
997 3007 1095 3067 Paene?
1125 3002 1225 3056 suntrana

155 3073 238 3124 Buche
264 3078 291 3125 de
308 3077 404 3125 Finibus
429 3072 469 3122 die
487 3070 569 3122 Lehre
588 3071 672 3122 dieser
713 3075 786 3136 fuisse
804 3074 828 3120 in
846 3075 935 3123 ciuitate
952 3075 1013 3122 uiros
1032 3079 1072 3122 ete.
1099 3085 1140 3119 wo
1160 3069 1224 3121 Goe-

157 3140 246 3191 Schule
265 3141 327 3191 iiber
345 3141 390 3189 das
408 3142 509 3190 hdchste
529 3139 585 3199 Gut,
608 3141 670 3204 nach
713 3153 773 3186 renz
797 3138 867 3186 mehr
889 3136 1011 3202 Beispiele
1041 3136 1117 3200 gicht.
1154 3137 1224 3189 Voll-

156 3208 298 3258 Antiochus'
324 3207 487 3270 Auffassung,
522 3217 670 3271 vortregen.
713 3204 842 3268 stdndiger
864 3205 894 3254 de
919 3203 1050 3262 diuelli,
1073 3207 1095 3264 3,
1120 3208 1165 3256 ll:
1196 3212 1224 3259 de
1274 3221 1280 3230 “

134 3270 137 3287 ¹
192 3294 268 3328 earum
286 3281 377 3343 quidem
396 3295 454 3344 quoe
470 3281 495 3327 in
508 3281 594 3328 honore
607 3285 668 3328 sunt.
712 3278 794 3341 quihus
807 3276 872 3340 cupio
886 3277 944 3326 scire
957 3277 1012 3339 quid
1025 3278 1118 3325 sentior.
1135 3277 1221 3340 Epope,

157 3341 217 3391 Dies
234 3358 320 3393 waren
339 3343 433 3394 damals
451 3358 499 3393 nur
515 3343 556 3393 die
574 3343 668 3409 Epilu·
711 3345 810 3408 queeris,
830 3345 913 3408 inquii,
933 3345 989 3408 quid
1006 3345 1121 3394 sentiam?

120 3440 122 3442 -
156 3409 267 3468 reische,
298 3411 337 3462 die
357 3410 471 3462 Stoische
489 3412 539 3460 und
558 3411 598 3461 die
622 3410 670 3460 Pe·
745 3427 792 3461 nan
817 3414 935 3469 certorum
962 3426 1046 3475 paruo,
1076 3413 1116 3459 ceri
1147 3425 1223 3460 rerum

156 3477 337 3542 ripatetische:
376 3479 416 3530 die
456 3478 669 3546 Pythagoreische
709 3494 833 3542 pomoque
865 3479 987 3528 dissensio.
1023 3474 1106 3525 Uehcr
1136 3474 1222 3524 diesen

127 3550 134 3567 ’
157 3545 226 3594 hatte
252 3560 322 3594 zwar
349 3561 380 3595 an
406 3551 429 3599 P.
448 3551 556 3613 Nipidiue
573 3550 669 3611 Fiputue
711 3543 880 3608 Streitpuiilrt,
908 3544 954 3593 der
976 3543 1031 3593 hier
1048 3542 1115 3591 nieht
1131 3541 1223 3592 weiter

157 3612 229 3662 einen
254 3612 360 3676 eilrigen
384 3615 433 3663 und
459 3614 587 3678 gelehrten
605 3613 670 3664 Ver&
711 3613 822 3661 crdrtert
838 3611 941 3661 werden
960 3611 1038 3668 kann,
1060 3611 1094 3659 ist
1110 3617 1222 3660 nament-

157 3687 250 3740 treter,
273 3680 332 3729 laud
350 3679 412 3731 aher
429 3690 499 3733 sonst
514 3682 599 3744 wenig
616 3682 666 3731 An·
709 3677 758 3729 lich
776 3679 822 3729 das
840 3679 916 3728 dritte
939 3679 988 3728 und
1008 3677 1089 3726 vierte
1107 3677 1174 3727 Buch
1194 3683 1223 3732 de

156 3748 239 3810 llang.
276 3747 332 3799 Van
356 3747 401 3798 der
424 3740 621 3802 Ahddemiseheu
642 3765 662 3800 s.
707 3751 803 3864 Finigus
821 3745 998 3797 nachzulesen:
1019 3745 1154 3796 hesonders
1174 3743 1217 3806 lV,

157 3817 259 3867 chene.
280 3819 303 3875 5,
327 3817 386 3867 11.Ι
709 3816 741 3866 22
779 3852 784 3863 .

189 3888 301 3938 Antiochi.
322 3883 347 3934 S.
368 3898 399 3932 zu
417 3897 439 3932 c.
460 3885 485 3941 3,
505 3887 528 3936 6.
744 3886 783 3933 17.
807 3885 885 3933 Verum
903 3885 957 3932 haec
975 3883 1042 3933 aliae.
1067 3877 1219 3939 „Noumale

189 3971 214 4004 re
233 3958 358 4015 concinere,
369 3955 444 4003 uerbis
452 3955 588 4018 discrepare.
606 3952 663 4016 Vgl.
710 3948 845 4000 subaudies
863 3952 1009 4000 tractabimus
1015 3982 1028 4013 ,-
1050 3949 1105 4000 etsi·
1123 3949 1168 4000 hoc
1186 3950 1219 4000 ad
