2640 4418
465 368 527 419 ura.
549 367 590 418 ur.
612 367 684 417 car.
705 369 745 419 ao.
766 369 807 419 ro.
858 388 877 418 s
1113 352 1173 415 235

101 535 212 586 terram
234 532 383 594 tuentem,
415 522 509 583 maria
542 520 762 582 moderantem:
797 540 851 582 cur
887 531 945 582 lam
967 521 1078 583 multos
1100 522 1175 582 deos
1264 504 1268 520 ¹

102 610 177 671 nihil
201 627 288 686 agere
310 614 340 668 et
361 625 480 668 cessare
502 602 637 685 paritur?
669 624 722 666 eur
753 624 812 666 non
846 605 936 666 rebus
959 606 1097 668 bumauis
1120 605 1174 666 ali-

103 713 180 773 quos
202 693 317 754 otiosos
339 692 412 751 deos
435 689 586 769 praeficit,
621 689 671 769 qui
694 709 711 750 a
733 698 776 762 te,
799 687 907 760 Balbe,
941 689 1175 752 innumerabiles

103 777 242 857 explicati
264 772 357 852 sunt?
389 774 470 835 Haec
502 775 565 834 lere
589 774 689 834 dicere
721 774 812 835 habui
841 775 878 834 de
912 783 1016 835 natura
1040 776 1173 846 deomm

102 881 163 924 uon
184 869 218 924 ut
239 879 304 938 eam
321 859 464 932 tollerem,
487 859 540 920 sed
554 868 587 918 ul
599 855 817 936 intelligeretis,
841 877 929 938 quam
948 867 1030 922 esset
1047 859 1175 920 obseura

103 956 132 1008 el
154 965 241 1025 quam
265 943 405 1021 dillieiles
427 943 590 1022 explicatus
612 941 745 1003 baberet.
1244 987 1249 994 .

187 1032 271 1104 Quae
294 1047 384 1108 quum
408 1028 547 1099 dixisset,
572 1028 657 1089 Cotta
679 1029 780 1088 finem.
824 1025 957 1086 Lucilius
981 1039 1095 1099 autem,
1119 1029 1173 1087 Ve-
1188 1021 1230 1092 40

102 1115 283 1181 hementius,
305 1113 412 1191 inquit,
436 1114 531 1185 Cotta,
555 1120 585 1173 tu
605 1112 724 1190 quidem
748 1113 882 1172 invectus
907 1129 939 1170 es
961 1111 992 1171 in
1016 1113 1172 1174 eamSloi-
1187 1121 1218 1172 94

103 1218 205 1262 eorum
227 1198 385 1267 rationem,
408 1215 484 1276 quae
507 1198 544 1258 de
566 1195 752 1276 providentia
767 1195 890 1255 deorum
904 1195 942 1255 ab
963 1196 1024 1257 illis
1046 1197 1174 1258 sanctis-

103 1285 179 1346 sime
212 1292 242 1343 et
273 1281 535 1361 providentissime
572 1280 733 1343 constituta
756 1289 811 1341 est.
857 1280 916 1340 Sed
947 1280 1087 1359 quoniam
1122 1281 1175 1342 ad-

103 1366 304 1449 vesperascit,
328 1365 414 1427 dabis
426 1366 505 1426 diem
520 1365 609 1426 nobis
623 1365 763 1444 aliquem,
785 1373 819 1425 ul
840 1375 943 1425 contra
958 1364 1015 1427 isla
1029 1365 1175 1428 dicamus.

102 1454 157 1514 Est
178 1451 258 1512 euim
280 1450 355 1511 mihi
377 1458 476 1512 tecum
499 1468 554 1528 pro
577 1450 637 1511 aris
653 1460 683 1511 et
697 1449 775 1511 focis
789 1457 951 1520 certamen,
974 1457 1005 1511 et
1025 1468 1079 1528 pro
1104 1450 1175 1510 deo-

102 1555 168 1598 rum
191 1535 312 1614 templis
343 1541 432 1614 atque
456 1533 589 1596 delubris
625 1552 740 1613 proque
762 1532 852 1596 Urbis
873 1533 997 1607 muris(
1013 1553 1089 1613 quos
1111 1554 1174 1608 vos,
1255 1584 1264 1601 ,

103 1620 273 1701 pontilioes,
297 1628 418 1681 sanctos
434 1637 502 1680 esse
518 1617 630 1691 dicitis,
653 1618 888 1697 diligentiusque
906 1619 1014 1680 Urbem
1030 1618 1175 1698 religione

103 1723 191 1785 quam
215 1703 291 1784 ipsis
312 1703 472 1765 moenibus
496 1702 626 1780 cingitis.
671 1703 755 1775 Quae
777 1702 876 1763 deseri
899 1720 915 1763 a
939 1723 995 1778 me,
1018 1705 1088 1766 dnm
1111 1704 1171 1784 qui-

47 1795 50 1809 '
104 1790 171 1852 dem
195 1792 312 1868 spirare
334 1797 457 1867 potero,
479 1788 564 1848 nelas
587 1787 700 1849 iudieo.
743 1786 820 1849 Tum
842 1785 943 1848 Cotta:
966 1788 1030 1866 Ego
1053 1806 1124 1850 vero
1147 1797 1219 1850 etue

104 1883 175 1953 opto
198 1873 336 1951 redargui
359 1891 416 1944 me,
449 1873 557 1942 Balbe,
592 1881 621 1934 et
643 1890 688 1942 ea,
722 1889 797 1950 quae
832 1870 989 1949 disputavi,
1024 1873 1176 1935 disserere

65 2022 71 2027 ,
104 1959 194 2020 malui
227 1976 316 2037 quam
338 1957 486 2030 iudicare,
525 1956 663 2018 eilande
684 1973 772 2016 mea
804 1962 834 2016 te
856 1954 935 2015 vinei
968 1974 1058 2034 posse
1092 1966 1175 2018 certo

104 2043 179 2104 seio.
223 2043 351 2122 Quippe,
374 2042 471 2121 inquit
484 2041 625 2113 Velleius,
649 2040 699 2120 qui
722 2039 1039 2119 etiamsomniaputet
1061 2043 1097 2102 ad
1120 2061 1176 2104 nos

104 2127 181 2188 milti
204 2127 240 2189 ab
263 2128 350 2201 love3
384 2145 460 2206 quae
495 2126 561 2206 ipsa
594 2135 693 2189 lamen
716 2133 776 2189 tam
799 2123 873 2187 levia
895 2142 956 2185 non
979 2137 1064 2200 sunt,
1088 2145 1177 2205 quam

62 2252 67 2258 -
105 2222 152 2286 est
173 2211 344 2286 Stoicorum
367 2212 404 2285 de
426 2219 531 2272 natura
553 2211 676 2271 deorum
700 2208 807 2269 oratio.
850 2209 932 2270 Haeo
960 2229 1051 2289 quum
1073 2225 1177 2272 essem

105 2297 200 2368 diota,
233 2297 273 2357 ita
305 2296 515 2366 discessimus,
550 2303 582 2355 ut
604 2293 715 2355 Velleio
739 2293 842 2354 Cottae
875 2293 1039 2372 disputatio
1068 2295 1176 2368 verior,

104 2380 178 2442 mibi
191 2381 276 2441 Balbi
288 2380 324 2440 ad
347 2379 481 2440 veritatis
494 2379 721 2441 similitudinem
735 2378 970 2468 videreturxesse
984 2380 1176 2459 propensior.

140 2565 180 2600 our
196 2566 243 2601 oon
254 2573 283 2626 ⁸.
293 2551 414 2625 praefluit?
438 2545 499 2596 Dies
508 2545 618 2611 bebaup-
659 2543 813 2594 verbunden.
835 2543 1111 2638 ,21⁴*nr‘pieueiligsteo
1124 2545 1174 2595 und

105 2613 618 2746 Eldubdlllnlqalregbsolrmxalelgtaldrbdlroetlll
660 2614 805 2747 thleqrpppl-ep
821 2611 913 2733 effide
931 2699 981 2733 esse
999 2685 1086 2734 dieilis.
1104 2679 1169 2731 Plut.

106 2750 165 2803 duss
189 2766 217 2800 es
241 2751 309 2800 niebt
325 2766 353 2800 so
371 2749 422 2809 sei,
454 2750 504 2799 und
522 2749 546 2798 in
564 2749 618 2799 die·
661 2746 709 2812 Qu.
730 2746 801 2797 Rom.
822 2762 843 2797 o.
865 2749 915 2798 27:
934 2749 991 2797 πᾶν
1007 2750 1096 2816 τεῖχος
1114 2741 1173 2813 ἀβέ-

105 2833 157 2898 sem
185 2818 298 2897 Glpuben
325 2819 394 2881 l'ragt
416 2832 458 2867 er:
484 2815 618 2869 Warnm
658 2813 742 2931 palor
758 2812 804 2865 καὶ
825 2809 899 2882 ἱερὸν
921 2813 1070 2882 νομίζουσιΊ
1108 2815 1173 2895 Ver·

105 2893 139 2937 rst
157 2902 184 2936 es
201 2888 270 2936 nieht
286 2887 334 2935 sol
668 2889 761 2946 etzung
791 2882 837 2932 der
866 2882 1027 2935 Stadtmauer
1051 2898 1108 2933 war
1131 2898 1172 2933 em

139 2982 191 3042 40·
211 2989 253 3040 94,
272 2992 345 3052 finem
364 2983 420 3049 νει
436 2985 467 3035 de
484 2985 554 3035 pinu.
570 2984 613 3043 IV,
660 2949 929 3016 Capitolverbreoben,
954 2951 1004 3000 und
1025 2951 1173 3016 Ablragnng
1186 2996 1198 3013 ,

660 3017 792 3068 derselben
811 3033 851 3067 um
869 3018 1028 3083 denllmrlng
1046 3019 1181 3085 derStadt¹

659 3101 691 3135 zu
720 3085 858 3135 erweilern
884 3090 1035 3154 [poemerium
1058 3089 1172 3154 proferre)
1243 3133 1247 3139 .

659 3169 707 3203 nur
723 3153 768 3203 mil
783 3152 939 3204 besonderer
950 3155 1028 3204 durob
1038 3155 1173 3222 Auspioien

536 3266 540 3276 ,
659 3222 814 3271 erlorsobter
832 3220 1019 3293 Genebmigupg
1042 3222 1088 3274 der
1112 3222 1173 3273 Glit-

137 3310 180 3358 pro
199 3297 247 3344 aris
270 3299 291 3342 el
316 3295 382 3356 soma.
417 3289 507 3340 Beides
533 3288 617 3351 bdufig
657 3295 842 3352 tergestatlel.

108 3059 130 3113 1,
153 3057 181 3106 1:
202 3073 261 3123 quoe
278 3073 346 3122 quum
364 3058 471 3114 desisset,
488 3059 555 3118 finem
568 3057 616 3105 ille.

65 3178 67 3187 ,
106 3122 137 3182 ll,
159 3125 181 3182 6,
205 3125 249 3174 17:
276 3132 323 3175 lum
346 3125 401 3185 ille,
425 3126 506 3186 daero,
531 3125 615 3188 inquil,

104 3195 271 3257 interrogandi,
289 3194 310 3243 si
326 3194 423 3242 videtur.

462 3570 820 3582 w..—

318 3967 940 3983 -—-————-·-—----——--..-...

356 3995 430 4039 Druelr
446 4002 489 4040 ron
506 3997 525 4041 J.
544 3996 568 4040 B.
588 3990 770 4043 llirsebleld
782 4000 804 4042 in
823 4000 919 4056 Leipzig.
