2640 4418
442 333 940 430 ιιιιιειιαιιιι.)1
1111 305 1171 396 ffl

111 498 309 570 cantura-sic,
333 514 536 577 quaecumque
557 508 627 559 sunt
648 498 679 559 in
693 499 775 561 omui
796 500 916 573 mundo,
941 500 1065 561 deorum
1085 510 1174 582 atque

106 582 264 646 ‘homiuum
286 583 416 662 putanda
450 590 528 642 sunt.
571 583 633 643 lam
655 602 727 644 vero
760 580 902 646 circuitus
938 585 1011 646 solis
1034 593 1065 645 et
1083 584 1231 647 lenaeus

109 671 352 747 reliquorumque
374 667 521 738 siderum,
560 686 737 747 quamquam
761 669 850 735 etiam
881 670 918 730 ad
941 670 1041 730 mundi
1066 670 1175 730 cohae-

108 754 236 814 rentiam
254 753 414 832 pertineut
436 759 535 812 tamen
559 762 588 812 et
609 741 812 838 speclaculum
833 753 1005 815 hominibus
1018 753 1192 835 praehont3t

109 838 189 907 nulla
212 844 259 899 est
280 837 358 899 enim
392 834 592 897 insatiabilior
624 837 751 916 species,
785 838 866 899 nulla
899 838 1054 922 pulchrior
1086 845 1116 898 ct
1137 839 1175 900 ad

109 923 254 984 rationem
276 921 499 1013 sollertiamque
527 922 744 999 praestantior-3
773 941 876 983 eorum
899 923 979 985 enim
1000 942 1105 984 cursus
1129 923 1174 983 di-

109 1008 209 1069 metati
233 1007 418 1071 maturitates
439 1012 606 1083 temporum
624 1013 653 1067 et
674 1007 832 1068 varietates
850 1008 1089 1086 mutationesque
1104 1025 1174 1086 cog-

108 1093 255 1154 novimus.
300 1091 383 1164 Quae
404 1089 614 1151 sibominibus
627 1090 700 1152 solis
715 1099 784 1152 uota
799 1100 877 1164 sunt,
899 1092 1053 1152 hominum
1069 1110 1175 1153 caussa

108 1178 185 1238 lacta
208 1194 276 1237 esse
298 1174 488 1236 iudicandum
512 1183 566 1235 cst.
611 1175 704 1238 Terra
732 1186 802 1237 vero
832 1177 892 1237 leta
914 1175 1049 1253 frugibus
1072 1185 1233 1239 atra-156

107 1262 153 1322 rio
187 1261 367 1338 leguminum
391 1276 509 1336 genere,
547 1278 621 1338 quae
652 1277 718 1321 cum
751 1261 876 1322 maxima
909 1260 1044 1338 largitate
1065 1261 1174 1334 tandit,

108 1364 142 1407 ea
164 1347 334 1408 ferarumne
357 1362 394 1403 eu
416 1343 570 1417 hominum
589 1350 699 1406 'caussa
721 1347 843 1424 gignere
864 1343 1004 1405 videtur?
1026 1342 1115 1417 ‘Quid
1138 1345 1175 1405 de

106 1431 217 1491 ritibus
229 1428 404 1506 olivetisque
418 1425 537 1488 dicant
550 1447 673 1506 quarum
685 1430 813 1491 uberimi
827 1429 1046 1508 laetissimique
1060 1430 1173 1490 fructus

107 1514 184 1574 nihil
206 1513 327 1573 omnino
350 1512 385 1572 ad
408 1511 521 1573 bestias
535 1513 696 1590 pertinent.
724 1511 920 1594 Neque'enim
933 1514 1054 1575 serendi
1076 1509 1173 1592 neque

108 1598 235 1671 colendi,
249 1615 305 1658 nec
312 1596 487 1674 tempestive
495 1596 664 1669 demetendi
675 1599 923 1679 percipiendique
936 1600 1060 1672 fructus,
1076 1616 1174 1677 neque

107 1682 255 1744 condendi
278 1700 312 1742 ac
333 1680 499 1758 reponendi
521 1680 581 1741 ulla
603 1683 752 1762 pecudum
773 1685 900 1746 scientia
923 1692 988 1756 est,
1011 1701 1174 1762 earumque

107 1767 240 1828 omnium
255 1784 355 1826 rerum
369 1764 522 1825 homiuum
536 1775 583 1825 est
603 1778 633 1828 et
655 1786 727 1828 usus
750 1776 780 1829 et
801 1787 880 1829 cara.
924 1769 962 1829 Ut
983 1769 1057 1829 fides
1081 1768 1172 1846 igitur
1186 1763 1230 1836 63

107 1863 137 1915 et
149 1852 356 1919 tibiaseorum
372 1868 477 1910 caussa
491 1850 583 1910 lactas
595 1852 753 1913 dicendum
768 1861 823 1925 est,
839 1853 889 1932 qui
903 1852 963 1912 illis
976 1851 1018 1911 uti
1032 1861 1169 1930 possunt,
1187 1862 1230 1912 157

106 1937 150 1997 sic
173 1954 223 2009 ea,
247 1954 323 2015 quae
345 1933 421 2007 dixi,
445 1933 483 1994 iis
505 1934 580 1995 solis
601 1935 803 1997 confitendum
826 1945 871 1995 est
894 1954 962 1996 esse
984 1944 1096 2015 parata,
1122 1936 1173 2015 qui

105 2030 244 2096 utuntur3
276 2038 332 2081 uec
354 2020 380 2079 si
403 2037 478 2098 quae
500 2018 615 2082 bestiae
636 2021 773 2082 iurantur
796 2021 906 2100 aliquid
934 2038 969 2080 ex
990 2020 1029 2080 iis
1053 2027 1103 2081 aut
1124 2039 1172 2081 ra-

140 2206 196 2258 155.
216 2210 246 2258 ad
269 2210 350 2258 maadi
375 2211 549 2260 cohaerentiam.
585 2204 611 2255 S.
658 2202 774 2253 Gestirne
793 2203 834 2258 die
851 2203 920 2255 Rode
939 2205 1018 2261 wire.
1047 2207 1171 2257 haeslaos

105 2290 136 2323 zu
154 2289 175 2322 c.
197 2275 237 2330 32,
254 2275 295 2325 82.
316 2285 440 2326 -—„tamea
458 2283 478 2326 et
496 2284 614 2339 spectare·
657 2277 687 2324 ad
716 2275 818 2338 aliquam
848 2291 896 2324 rem
924 2271 1015 2321 beisst:
1053 2286 1172 2335 ausge-

104 2345 151 2393 lam
172 2369 194 2377 -
219 2343 285 2390 steht
307 2341 375 2390 wohl
399 2342 466 2390 nicht
489 2341 615 2393 fdreliam
656 2338 812 2390 zeicbuct
846 2337 1063 2388 binsicbtlicb
1097 2344 1172 2403 (wc-

104 2418 182 2474 spect„
202 2410 310 2467 sondern
328 2403 416 2459 deutet'
432 2423 471 2464 ou,
497 2408 555 2457 dass
573 2405 614 2455 ci·
656 2408 729 2468 gen)
744 2407 839 2456 einer
853 2407 969 2466 Socho,
985 2407 1035 2457 wie
1050 2405 1168 2471 chegg.

105 2491 162 2525 cero
182 2476 243 2524 noch
261 2474 302 2524 eiu
313 2475 424 2525 Zweitcs
442 2474 505 2525 habe
523 2489 614 2538 gegan-
657 2473 686 2531 ll,
705 2475 744 2533 13,
760 2474 807 2527 33:
827 2480 900 2528 malta
914 2480 944 2528 ad
960 2480 1078 2527 veritatem
1095 2481 1170 2528 admi-

104 2543 256 2593 ribcrstellcu
281 2543 386 2602 wollen,
416 2558 476 2605 was
500 2557 530 2593 er
553 2542 620 2593 abcr‘
655 2541 1170 2609 rabilia:Weissagungcnpbewunderns·
1252 2559 1253 2564 ¹

104 2612 213 2661 nachher
251 2624 385 2673 vergcssen
419 2612 482 2661 oder
519 2611 614 2674 wenig-
655 2610 756 2674 wiirdig
772 2610 928 2662 binsicbtlicb
946 2611 1015 2661 ihrer
1029 2610 1170 2663 Webrhal'-

103 2687 171 2729 stens
195 2679 262 2730 nicht
284 2679 309 2728 in
333 2680 378 2730 der
401 2680 614 2745 cutsprcohcndeu
655 2677 752 2742 tiglrcit.
771 2694 810 2746 pr.
825 2679 921 2731 Fontei.
934 2682 981 2731 15:
1001 2685 1036 2731 air
1053 2685 1085 2732 ad
1101 2699 1168 2732 asam

103 2747 177 2796 llorm
211 2746 364 2817 engebracht
390 2747 440 2798 bat.
478 2747 515 2797 Er
543 2747 612 2797 britte
656 2757 677 2798 et
695 2751 840 2813 disciplinam
855 2754 956 2814 peritos,
976 2751 1006 2798 od
1024 2766 1101 2799 casam
1118 2754 1168 2813 sor-

103 2828 179 2875 sagen
206 2814 317 2864 krinner:
356 2825 377 2866 et
404 2834 510 2880 mopaom
539 2820 613 2867 homi·
655 2823 777 2880 lanamque
800 2819 873 2879 felix:
904 2813 1059 2863 binsicbtlicb
1083 2814 1169 2863 seiner

102 2898 158 2931 oum
179 2885 239 2932 uitae
256 2887 378 2933 utilitatem
396 2889 508 2946 afferat:
536 2898 613 2932 eoram
655 2880 759 2942 Uebung
776 2883 826 2929 und
843 2880 978 2930 Kenntuiss
996 2881 1036 2929 eia
1054 2881 1167 2930 erlabrc-

104 2951 163 2998 eaim
200 2965 280 2999 corsos
313 2952 415 2998 dimetati
447 2957 488 2998 etc.
539 2946 614 2996 'letat
656 2962 713 3005 ner,
740 2947 896 2996 binsicbtlicb
920 2948 965 2997 des
987 2946 1099 2998 Zuielles
1118 2948 1168 2997 und
1233 2963 1235 2974 ·

103 3013 166 3064 aber
188 3013 303 3064 schlicsst
326 3013 376 3062 sich
402 3012 486 3061 dieser
507 3012 612 3063 lctztere
655 3014 701 3062 der
718 3014 822 3077 nguog
844 3014 885 3064 ein
912 3013 1064 3076 glricklicher
1080 3012 1163 3066 Manu.

104 3082 163 3133 Setz
181 3082 259 3132 durch
277 3084 336 3133 enim
360 3079 398 3130 als
416 3079 493 3142 Belcg
518 3095 549 3129 an
567 3082 612 3131 das
654 3109 688 3116 -
706 3080 788 3131 Ueber
810 3086 967 3136 insatiabilior
989 3097 1010 3131 s.
1031 3098 1102 3132 zore.
1122 3085 1163 3144 39,

102 3152 195 3200 vacher
218 3149 280 3199 iiber
303 3149 342 3199 die
369 3149 394 3198 in
412 3149 460 3198 deu
479 3147 611 3198 Gestiroou
655 3149 696 3198 98.

101 3217 228 3267 walterdo
245 3215 471 3280 Regchnaissiglreit
486 3215 537 3266 uud
549 3215 614 3267 Ver·
691 3217 746 3267 156.
757 3217 1167 3282 varioleomaioampeaeredlaruu-

102 3284 371 3348 udultiglacitllesagtc
389 3300 430 3335 an.
453 3282 526 3335 Danu
543 3283 614 3334 diese
654 3290 695 3333 ter
711 3283 766 3333 sind
776 3284 912 3335 besonders
922 3285 962 3335 die
973 3285 1165 3337 lliilsenhnichte

103 3353 165 3404 eben
184 3343 226 3403 hait
243 3369 270 3402 es
287 3351 392 3415 mdglich
410 3353 531 3416 gemacht,
553 3352 612 3402 dass
654 3367 685 3400 zu
703 3353 834 3409 verstehn3
855 3352 917 3402 doch
935 3353 1003 3403 nicht
1020 3354 1090 3405 diese
1108 3369 1167 3405 aus·

103 3420 142 3470 die
160 3421 294 3471 Menschcn
317 3421 379 3470 noch
402 3420 458 3470 dem
475 3419 544 3470 Laui
566 3419 613 3470 der
654 3419 814 3479 schliesslicb,
836 3420 943 3470 sondern
961 3421 1117 3473 necbVerro
1131 3422 1162 3472 It.

102 3488 218 3538 Gestirue
238 3489 277 3538 die
295 3487 352 3538 Zcit
375 3487 467 3551 riobtig
487 3488 613 3539 bestimmt
654 3487 684 3537 ll.
704 3487 728 3546 l,
750 3490 795 3546 23,
824 3487 919 3545 tabe,
946 3506 1005 3554 qaae
1020 3493 1165 3542 aellaatarc

102 3557 151 3605 und
169 3556 330 3619 abgemessen
347 3555 436 3606 haben.
462 3555 508 3606 Dic
519 3544 612 3607 Woric
654 3565 723 3619 terra,
742 3560 964 3619 ianuamianuaim
982 3575 1040 3623 qaae
1052 3561 1115 3623 qaod
1131 3561 1165 3609 ito

101 3629 132 3675 od
148 3629 260 3677 rationem
274 3628 444 3690 sollertiamque
459 3629 613 3690 praestantior
653 3627 771 3689 legantur,
791 3628 905 3690 legamina
923 3627 996 3686 dieto,
1017 3640 1041 3673 u.
1062 3624 1108 3682 32,
1130 3625 1160 3674 2:

102 3691 162 3740 dari
179 3706 235 3741 man
254 3692 321 3741 nicht
343 3690 419 3741 durch
437 3690 477 3739 ein
495 3692 612 3743 hinzuzu·
654 3690 857 3758 dictaalepeadoj
873 3695 936 3757 quod
951 3709 978 3742 ea
995 3710 1041 3743 aori
1057 3701 1164 3744 secantur

102 3758 243 3808 denkendes
261 3764 402 3812 incitandam
416 3759 612 3820 erginzeuwol-
652 3763 693 3811 sed
709 3763 812 3812 aelleado
831 3762 945 3823 legantur.
969 3756 1013 3809 Gr.
1029 3754 1164 3827 χέδροπα

100 3827 149 3884 len,
164 3827 201 3876 als
213 3827 299 3876 obvon
308 3826 468 3890 Erweclaung
477 3825 521 3876 das
528 3823 611 3876 Nach·
653 3826 693 3877 od.
702 3823 842 3895 χέδροπες,
861 3839 916 3875 was
927 3840 984 3876 men
996 3826 1034 3877 als
1051 3842 1162 3878 corrum-

102 3892 612 3958 dcnkensundderblrfindungskreftdcr
651 3895 702 3960 pirt
723 3909 769 3945 aus
823 3890 941 3964 adpoaoa
971 3895 1081 3953 ausiebt,
1112 3911 1162 3945 von

100 3962 233 4013 blenschen
245 3962 322 4012 durch
335 3962 611 4025 dielicobacbtuo'gdcr
638 4026 641 4035 ι
647 3958 709 4031 χείρ
727 3978 752 4012 ιι.
789 3960 840 4031 pin
865 3998 872 4012 .

810 3892 822 3945 ἑ

841 3978 862 4012 ω
987 4014 990 4025 .

136 4051 181 4094 Clo.
194 4038 280 4097 delict.
292 4051 352 4095 deor.
935 4047 968 4098 12
