2640 4418
171 298 229 370 138
286 350 289 357 .

520 317 564 368 DE
582 316 718 370 NATURA
735 317 881 371 DEORUM.

170 473 386 536 condemnatis.
417 472 502 533 Velut
524 491 540 533 a
562 481 591 534 te
614 473 680 553 ipso
702 473 842 535 hesterno
866 473 915 534 die
937 473 1119 555 dictumest,
1143 493 1234 537 annm

168 559 319 620 fatidicam
351 548 513 640 πρόνοιαν
542 577 559 618 a
586 557 698 619 Stoicis
730 557 847 632 induci,
880 558 910 619 id
934 563 980 619 est
1001 558 1230 638 providentiam.

170 642 258 716 Quod
280 660 316 703 eo
338 661 439 703 errore
462 641 577 716 dixisti,
608 642 677 722 quia
704 642 856 704 existimas
879 643 914 705 ab
938 642 985 703 his
1015 644 1233 723 providentiam

143 728 240 805 -fingi
263 727 348 806 quasi
371 727 518 807 quandam
536 727 622 788 deam
645 727 835 805 singularem,
859 746 934 806 quae
955 729 1098 791 mundum
1115 749 1235 790 omnem

129 823 158 872 74
172 812 318 890 gubernet
339 820 369 872 et
389 819 486 888 regat:
510 812 562 872 sed
586 810 616 872 id
639 812 775 891 praecise
798 812 917 884 dicitur.
944 812 991 884 Ut,
1014 813 1125 893 siquis
1144 807 1234 888 dicat,

168 896 394 958 Atheniensium
409 878 622 975 rempublicam
637 896 765 957 consilio
781 896 859 974 regi,
885 897 962 958 desit
979 897 1053 959 illud
1067 900 1233 978 Areopupi:

169 982 229 1055 sic,
254 999 342 1058 quum
365 981 491 1042 dicimus
515 979 699 1061 providentia
722 981 863 1042 mundum
886 982 1102 1055 administrari,
1126 983 1235 1045 deesse

137 1092 139 1100 ·
169 1066 332 1128 arbitrator·
352 1067 491 1138 deorum
525 1065 613 1145 plene
642 1074 741 1128 autem
769 1075 800 1126 et
826 1066 959 1144 perlecto
983 1067 1026 1127 sic
1049 1067 1109 1128 dici
1132 1068 1235 1128 existi-

168 1162 264 1224 mato,
294 1150 481 1228 providentia
510 1149 633 1211 deorum
655 1151 797 1215 mundum
821 1149 1034 1212 administrari.
1075 1152 1119 1212 lta
1141 1152 1236 1211 salem

170 1235 275 1307 istum,
305 1254 364 1313 quo
393 1243 475 1296 caret
502 1245 598 1295 vestra
628 1234 727 1304 natio,
755 1235 786 1295 in
816 1235 977 1295 irridendis
998 1234 1085 1296 nohis
1108 1234 1235 1297 nolitote

169 1338 357 1391 consumere,
381 1328 411 1380 et
432 1318 590 1389 mehercle,
613 1319 639 1378 si
661 1337 709 1380 me
731 1318 867 1390 audiatis,
890 1338 928 1379 ne
950 1319 1142 1398 experiamini
1168 1320 1235 1399 qui-

169 1404 248 1466 dem.
292 1403 358 1464 Non
380 1405 480 1475 decet,
509 1421 570 1463 non
593 1403 694 1464 datum
721 1412 781 1476 est,
809 1422 869 1464 non
898 1404 1034 1482 potestis.
1076 1404 1139 1465 Nec
1161 1423 1233 1485 pero

168 1489 280 1549 hocin
302 1498 331 1548 te
355 1488 508 1567 convenit,
537 1505 628 1548 unum
650 1486 784 1550 moribus
807 1488 983 1549 domesticis
1005 1507 1040 1550 ac
1054 1497 1234 1559 ,nostrorum

169 1573 324 1633 hominum
345 1573 513 1634 urbanitate
535 1570 685 1633 limatum:
710 1573 763 1634 sed
786 1591 876 1652 quum
898 1574 930 1632 in
952 1573 1085 1652 reliquos
1107 1585 1235 1646 vestros,

169 1666 231 1717 tum
253 1657 284 1717 in
307 1675 375 1717 eum
397 1657 539 1728 maxime,
572 1657 622 1736 qui
637 1658 702 1718 ¹ista
723 1657 855 1736 peperit,
872 1658 1039 1730 hominem
1067 1658 1133 1720 sine
1162 1667 1236 1730 arte,

170 1741 236 1802 sine
257 1741 380 1814 litteris,
407 1728 601 1803 insultantem
625 1741 656 1802 in
679 1760 797 1814 omnes,
822 1743 888 1802 sine
911 1742 1048 1803 acumine
1071 1743 1147 1812 ullo,
1171 1743 1237 1804 sine

12 1892 14 1899 ,
113 1823 159 1892 30
175 1826 359 1898 auctoritate,
382 1828 446 1887 sine
468 1826 580 1906 lepore.
609 1827 681 1888 Dico
703 1827 793 1904 igitur
807 1826 995 1906 providentia
1009 1826 1132 1888 deorum
1149 1845 1236 1887 mun-

128 1922 157 1972 75
172 1911 242 1972 dum
265 1919 294 1971 et
316 1930 420 1972 omnes
442 1911 545 1973 mundi
560 1922 661 1990 partes
676 1922 707 1972 et
727 1911 814 1972 initio
830 1912 1008 1973 constitutas
1027 1931 1095 1973 esse
1111 1922 1141 1972 et
1156 1912 1240 1972 omni

170 2005 304 2075 tempore
326 1995 544 2070 administrari3
574 2015 698 2075 eamque
726 1996 957 2075 disputationem
985 2005 1046 2057 tres
1075 1997 1106 2056 in
1135 2005 1238 2074 partes

169 2081 266 2141 nostri
289 2081 351 2141 llere
374 2080 523 2141 dividunt:
557 2099 680 2159 quarum
707 2098 776 2157 pars
806 2080 901 2157 prima
924 2089 985 2151 est,
1021 2098 1096 2157 quae
1119 2080 1238 2141 ducitur

171 2165 207 2226 ah
232 2165 420 2235 curatione,
449 2183 525 2242 quae
557 2164 646 2226 docet
667 2182 734 2224 esse
757 2164 846 2235 deos,
879 2182 937 2240 quo
966 2180 1112 2224 concesso
1143 2163 1236 2223 confi-

207 2327 258 2387 29.
279 2335 319 2384 73.
341 2336 483 2384 dictumest.
508 2331 534 2382 S.
554 2331 572 2390 l,
594 2334 617 2389 8,
641 2332 679 2382 18.
699 2334 795 2383 'comis
818 2335 906 2394 punire
930 2334 1020 2383 libellos
1041 2333 1101 2383 dous
1124 2334 1235 2394 nieorum,

173 2400 255 2450 Ueber
273 2405 376 2453 hesterno
396 2403 433 2451 die
450 2399 499 2462 vgl.
521 2399 565 2449 das
588 2401 613 2449 in
637 2400 683 2449 der

173 2467 316 2529 illnleitung
335 2467 361 2516 S.
382 2469 414 2518 20
430 2467 547 2530 Gesagte.

205 2541 308 2599 praecise
326 2538 424 2587 dieitur:
443 2550 492 2592 „es
510 2535 543 2583 ist
556 2535 595 2584 ein
608 2534 683 2596 ahge-

171 2602 276 2651 kirrzter
303 2603 464 2659 Ausdruclr“‚
493 2602 576 2652 wohei
599 2610 682 2670 'etwas

171 2671 386 2732 weggeschnitten
404 2670 437 2719 ist
453 2685 508 2719 was
525 2685 581 2720 suan
599 2669 683 2719 hinzu-

174 2738 270 2787 denkcn
288 2754 363 2788 mass.
389 2736 445 2801 Vgl.
467 2739 497 2787 ed
517 2737 625 2786 Herenn.
637 2736 678 2795 lV,

174 2808 220 2873 3Q·
248 2808 294 2857 31:
318 2811 432 2873 praecisio
456 2815 489 2857 est
513 2824 594 2872 quum,
615 2810 683 2858 dictis

174 2878 683 2941 quibusdam,reliquumrelinquitorinchoo-

174 2953 221 2995 tom
238 2948 263 2994 in
279 2947 393 2995 auditoris
411 2947 506 2994 iudicio.

209 3013 249 3060 74.
264 3015 382 3076 Areopopi.
397 3008 540 3059 lnCieero's
549 3009 606 3059 Zeit
616 3010 683 3058 hatte

725 2401 840 2451 Fundani.
858 2396 896 2455 ll,
916 2399 940 2456 o,
962 2400 1008 2449 δῖε
1030 2417 1065 2450 me
1081 2403 1194 2450 mirentur
1210 2409 1236 2450 ot

724 2484 794 2517 uuum
812 2470 896 2531 eprepii
913 2470 1031 2518 mortalem
1048 2470 1135 2532 altique
1151 2469 1236 2518 silenti.

758 2528 812 2588 3⁰.
832 2535 873 2584 75.
901 2539 1052 2586 constitutos:
1078 2533 1239 2594 „cingerioh-

725 2608 769 2659 tct‚
785 2600 945 2663 'geordnct.‘⁴
980 2600 1051 2649 Denn
1068 2600 1123 2650 eine
1142 2600 1238 2661 cigent-

724 2668 789 2718 liche
800 2669 942 2735 Schdplung
955 2668 1000 2719 der
1009 2666 1082 2718 Welt
1100 2668 1177 2715 durch
1196 2668 1237 2717 die

726 2735 827 2794 Gdtter,
849 2735 876 2786 d.'
893 2737 916 2785 h.
936 2735 992 2786 eine
1017 2735 1238 2797 Hervorhringung

726 2819 770 2853 aus
788 2803 884 2863 Nichts,
906 2805 1009 2853 nahmen
1029 2802 1069 2852 die
1088 2803 1190 2853 Stoiker
1210 2819 1238 2853 so

724 2871 809 2934 wenig
827 2872 877 2923 wie
894 2872 988 2922 andere
1006 2870 1056 2921 alte
1074 2870 1239 2936 Philosophen

705 2956 766 2990 van.
797 2940 853 3003 Vgl.
874 2956 904 2989 zu
923 2956 945 2990 c.
966 2941 1007 2998 35,
1028 2941 1069 2992 88.
1106 2938 1192 2990 Wenn
1211 2954 1239 2988 es

726 3009 818 3059 weiter
835 3016 910 3058 unten
927 3009 1018 3058 heisst:
1040 3013 1068 3059 cl
1084 3012 1239 3058 animantibus

177 3076 222 3125 der
239 3080 362 3143 Areopag,
384 3077 421 3127 als
440 3077 590 3136 Staatsrath,
612 3078 685 3126 einen
724 3082 846 3144 principiis
865 3085 1075 3140 eoessepeneroto,
1096 3089 1123 3121 so
1134 3073 1167 3122 ist
1176 3074 1238 3122 auch

175 3144 683 3207 weitgriisserenWirlrungskreisundbe·

176 3211 345 3260 dentenderen
358 3211 525 3269 Einllussaul
535 3213 574 3262 die
587 3213 685 3262 Staats·

176 3278 396 3340 angelcgenheiten
420 3279 456 3328 als
481 3279 506 3327 in
524 3279 569 3328 der
587 3280 686 3329 Bliithe-

176 3346 226 3396 zcit
238 3343 339 3404 Athens,
355 3363 401 3395 ⁴wo
420 3346 567 3396 numentlich
579 3347 628 3397 seit
639 3347 686 3398 Pe·

175 3414 253 3464 rikles
281 3414 349 3462 seina
376 3415 523 3476 Bedeutung
553 3416 612 3464 sehr
642 3416 686 3465 he-

175 3482 294 3532 schrdnlrt
305 3497 369 3531 war.
381 3481 436 3544 Vgl.
447 3482 543 3532 Ahrens
555 3483 683 3534 deAthen.

176 3559 244 3600 statu
267 3550 323 3600 inde
348 3551 379 3599 ah
397 3549 500 3599 Achaici
523 3551 589 3602 seed.
610 3552 683 3602 inter.

177 3618 286 3681 Gdtting.
310 3619 374 3670 1829
393 3618 418 3668 S.
440 3617 507 3677 altr,

210 3705 280 3738 onom
291 3715 323 3725 -
333 3691 442 3748 limatum,
463 3687 486 3734 d.
499 3686 524 3736 h.
543 3697 633 3753 praeter
649 3705 686 3738 ce·

178 3763 237 3805 leros
256 3754 318 3803 oder
334 3759 359 3805 in
375 3759 456 3821 paucis
474 3758 583 3807 limatum.
615 3752 686 3802 Denu

179 3821 246 3871 nicht
263 3822 317 3872 hlos
335 3822 378 3871 mit
390 3821 565 3887 Superlativcn
580 3819 687 3871 verbun-

179 3889 224 3937 den
250 3890 319 3940 dient
341 3909 401 3942 unus
424 3906 470 3939 zur
486 3889 683 3950 Auszeichnung.

178 3955 234 4018 Vgl.
250 3957 310 4008 llor.
332 3957 384 4008 Sat.
405 3958 423 4018 1,
446 3961 489 4016 tus
505 3958 553 4011 to:
570 3966 635 4024 potes
653 3983 685 3994 -

727 3145 783 3195 hier
800 3160 847 3193 nur
858 3144 912 3193 dies
926 3141 1040 3204 gemeiut
1062 3139 1121 3189 dass
1132 3140 1172 3189 die
1182 3157 1242 3190 vor-

728 3208 1009 3272 handenepgdttlichen
1031 3207 1149 3268 iihrigens
1161 3209 1241 3259 selbst

728 3289 781 3330 erst
796 3294 840 3329 aus
859 3278 914 3339 dem
932 3275 1137 3338 uranlhnglichen
1145 3277 1240 3327 Aether

728 3342 1240 3408 hervorgegingenenUrwesen,dieGeist

728 3416 777 3464 und
794 3411 900 3464 Materic
918 3411 1031 3474 zugleioh
1049 3412 1099 3463 und
1117 3413 1141 3462 in
1151 3412 1240 3469 Ilicem

728 3481 790 3538 sind,
812 3480 853 3529 die
871 3480 957 3544 opiter
974 3483 1142 3543 gewordenen
1160 3480 1240 3542 Dioge

729 3565 773 3599 ans
791 3547 843 3597 sich
868 3547 947 3597 haben
972 3549 1127 3612 hervorgehn
1144 3549 1238 3598 lassen.

728 3616 796 3666 Doch
814 3615 848 3665 ist
865 3615 1050 3678 einzugestehn,
1079 3617 1137 3666 dass
1156 3617 1242 3666 dieser

729 3684 789 3735 Sata
807 3682 940 3746 cigentlich
959 3699 1005 3748 gar
1022 3684 1089 3734 nicht
1101 3685 1187 3734 hieher
1199 3700 1241 3746 ge-

728 3752 797 3810 hdre‚
818 3768 859 3802 wo
877 3752 945 3802 nicht
961 3768 1010 3801 von
1029 3752 1241 3813 derEntstehuug

729 3821 776 3870 der
801 3820 895 3884 Dirige.
922 3821 1029 3870 sondern
1053 3828 1101 3871 cnr
1123 3836 1171 3869 von
1195 3819 1241 3867 der

728 3888 872 3952 Regierung
890 3889 936 3939 der
950 3887 1024 3940 Welt
1040 3888 1081 3938 die
1100 3886 1168 3938 Reda
1186 3885 1241 3935 sein

729 3956 811 4010 sollte.
