2640 4418
139 327 201 389 232
499 340 544 391 nn
562 338 699 391 unauna
715 339 862 391 ananum.

1226 434 1233 465 l

93 491 212 572 athar)
245 495 304 555 vim
336 512 455 555 omnem
484 494 608 555 deorum
639 511 673 554 aa
708 500 897 573 potestatem.
940 494 979 554 At
999 512 1225 573 nonnumquam

106 581 248 642 89bonos
277 580 372 651 exitus
402 578 513 640 habent
539 577 623 640 boni.
666 578 727 640 Eos
754 577 876 657 quidem
904 578 1065 658 arripimus
1087 580 1225 642 attribui-

148 683 275 745 musque
312 664 377 724 sine
414 663 473 724 ulla
496 663 613 726 ratione
650 663 710 723 diis
738 661 966 724 immortalibus.
1011 665 1049 724 nt
1069 665 1224 742 Diagoras,

151 768 241 829 quum
263 748 500 810 Samothraciam
521 747 668 820 venisset,
701 747 807 810 atheos
840 747 891 808 ille
920 748 971 827 qui
993 748 1112 821 dicitur,
1135 757 1226 828 atque

150 834 179 896 ei
202 833 322 914 quidam
346 832 468 905 amicus,
503 833 584 906 „Tu‚
618 832 669 911 qui
692 833 766 894 deos
799 839 887 912 putas
908 832 1039 895 humana
1062 832 1223 912 negligere,

149 938 250 980 nonne
273 918 484 980 animadvertis
507 930 552 978 ex¹
571 926 615 978 tot
644 916 755 978 tabulis
783 917 889 996 pictis,
919 936 1009 996 quam
1036 918 1122 979 multi
1145 919 1225 980 votis

40 1022 45 1038 ⁴
148 1003 208 1074 vim
232 1002 416 1082 tempestatis
439 1001 598 1080 effugerint
626 1001 657 1062 in
679 1011 859 1081 portumque
892 1002 965 1062 salvi
988 1000 1225 1081 pervenerint?“

149 1173 284 1234 lecerunt
304 1173 336 1232 in
357 1171 492 1251 marique
513 1170 677 1250 perierunt.
720 1171 879 1250 idemque,
909 1189 999 1248 quum
1022 1171 1050 1232 ei
1073 1172 1223 1250 naviganti

148 1266 299 1330 vectores,
337 1253 471 1318 adversa
494 1262 682 1334 tempestate·
702 1254 800 1315 timidi
837 1263 868 1318 et
888 1255 1051 1336 perterriti,
1086 1256 1223 1318 dicerent

147 1361 209 1404 non
231 1341 340 1403 iniuria
362 1341 419 1402 sibi
443 1340 515 1401 illud
539 1339 689 1410 accidere,
724 1339 774 1417 qui
802 1339 887 1400 illum
915 1338 947 1400 in
968 1341 1095 1402 eandem
1116 1359 1222 1403 navem

147 1427 344 1505 recepissent,
383 1425 514 1486 ostendit
545 1423 642 1486 eisin
665 1424 771 1485 eodem
795 1444 885 1486 cursu
901 1424 1017 1493 ,multas
1040 1425 1114 1486 alias
1136 1425 1221 1486 labo-

148 1519 248 1573 rantes
273 1510 494 1589 quaesivitque,
517 1527 588 1569 num
611 1508 700 1569 etiarn
722 1508 754 1569 in
777 1508 814 1569 iis
837 1509 960 1570 navibus
973 1509 1131 1587 Diagoram
1152 1511 1223 1571 vehi

149 1596 315 1658 crederent.
359 1595 411 1654 Sic
433 1593 513 1654 enim
535 1611 568 1653 se
590 1611 640 1652 res
663 1593 769 1666 habet,
804 1605 836 1654 ut
858 1595 895 1655 ad
918 1612 1094 1673 prosperam
1117 1595 1222 1656 adver-

150 1700 250 1742 samve
273 1680 436 1748 fortunam,
459 1676 555 1757 qualis
578 1677 621 1738 sis
644 1685 695 1739 aut
717 1678 967 1757 quemadmodum
987 1678 1113 1754 vixeris,
1144 1679 1222 1739 nihil

104 1764 279 1827 adintersit.
297 1763 387 1824 ,Non
417 1762 670 1835 animadvertunt,
702 1762 816 1841 inquit,
850 1763 950 1823 omnia
980 1763 1039 1823 dii:
1073 1782 1111 1825 ne
1133 1782 1221 1842 reges

149 1850 281 1929 quidem.
310 1847 389 1921 Quid
411 1856 458 1908 est
479 1844 601 1908 simile?
622 1848 720 1923 Reges
742 1847 823 1908 enim
845 1847 871 1908 si
885 1847 1015 1909 scientes
1033 1848 1221 1927 praetermit-

90 1931 137 2002 38
152 1943 227 2008 tunt,
249 1951 357 2011 magna
379 1932 474 2018 culpa,
489 1941 546 1994 est.
589 1933 627 1993 At
648 1932 705 1992 deo
728 1950 765 1993 ne
787 1932 939 1994 excusatio
962 1932 1083 2011 quidem
1106 1941 1153 1994 est
1173 1933 1221 1994 in-

148 2019 302 2080 scientiae.
348 2018 519 2090 Quemvos
541 2016 694 2096 praeclare
709 2016 879 2089 defenditis,
904 2036 994 2097 quum
1017 2016 1129 2090 dicitis,
1153 2036 1221 2093 eam

147 2105 206 2164 vim
228 2104 352 2164 deorum
375 2120 452 2174 esse,
490 2109 537 2176 ut,
575 2101 665 2162 etiam
688 2100 714 2160 si
738 2102 804 2179 quis
827 2110 924 2163 morte
953 2120 1067 2180 poenas
1089 2102 1216 2164 sceleris

149 2188 302 2265 effugerit,
341 2184 515 2266 expetantur
538 2204 590 2246 eae
613 2204 728 2264 poenae
751 2204 767 2246 a
788 2184 909 2259 liberis,
947 2186 1164 2265 anepotibus,
1202 2207 1219 2248 a

146 2271 291 2352 posteris.
335 2271 359 2331 0
383 2270 488 2331 miram
509 2269 688 2349 aequitatem
703 2269 843 2331 deorum!
867 2271 1009 2332 Ferretne
1032 2271 1090 2332 ulla
1113 2270 1220 2333 civitas

146 2356 273 2418 latorem
295 2354 466 2417 istiusmodi
488 2354 581 2432 legis,
614 2363 645 2416 ut
667 2355 919 2416 condemnaretur
940 2354 1019 2416 lilius
1042 2364 1093 2416 aut
1114 2375 1220 2435 nepos,

88 2501 95 2518 ,
147 2441 173 2502 si
195 2449 283 2519 pater
303 2448 352 2502 aut
373 2459 444 2501 avus
466 2436 664 2519 deliquisset?
733 2494 738 2503 ,
881 2445 889 2454 “
1111 2457 1115 2464 ·

193 2527 325 2598 Quinam
348 2524 574 2586 Tantalidarum
596 2527 798 2587 internecioni
818 2525 926 2586 modus

184 2685 231 2748 37.
252 2692 293 2743 89.
314 2695 434 2755 Diagoras.
470 2689 496 2740 S.
522 2707 554 2739 zu
576 2689 595 2748 1,
618 2691 658 2748 23,
705 2695 794 2758 templis
813 2695 884 2743 aliani
894 2695 940 2743 aea
955 2700 1112 2744 consecratam
1121 2709 1218 2756 suspen-

150 2762 191 2812 63.
229 2759 274 2809 Dei
301 2758 374 2821 Diog.
404 2757 434 2807 L.
460 2757 502 2816 Vl,
535 2760 567 2810 59
595 2759 662 2808 wird
705 2762 766 2810 dere.
802 2757 849 2808 Die
879 2757 1111 2809 Samothreaischen
1148 2757 1220 2809 Gott·
1260 2774 1273 2801 *-
1298 2756 1303 2767 “

151 2826 262 2878 dieselDa
292 2827 422 2878 Aaelidote
447 2826 561 2886 errabit,
600 2826 663 2876 abar
700 2825 789 2876 lielten
811 2822 950 2885 hosonders
968 2827 1074 2876 worden
1091 2842 1139 2877 von
1158 2825 1219 2877 Sec·

150 2903 213 2946 statt
247 2895 291 2944 des
319 2894 444 2958 Diagoras
470 2895 517 2946 der
550 2893 662 2964 Cyniker
706 2894 844 2944 lnlrrenden
862 2893 900 2944 als
917 2894 1006 2944 Retter
1024 2895 1170 2958 angeruien.

149 2962 277 3026 Diogenes
296 2970 413 3026 genennt.
565 2998 580 3040 ,Δ
738 2964 780 3015 99.
806 2968 889 3029 inquit.
933 2962 980 3013 uit
1003 2962 1147 3033 Daziehung
1169 2963 1224 3041 ⁸nui

148 3037 252 3162 alil}
270 3036 409 3149 ttttlt
420 3049 526 3148 ttttl‘a
541 3028 663 3147 llll}
704 3027 808 3163 {ladit
823 3030 1054 3157 lail'aflllill
1072 3031 1220 3161 ltiltll

149 3181 177 3216 so
201 3167 270 3224 hart,
300 3166 358 3216 dass
382 3181 439 3216 man
462 3166 597 3228 deswegen
621 3166 662 3215 dio
705 3164 806 3231 Gegner
840 3166 873 3215 im
905 3165 1076 3228 Aligemeinen
1112 3166 1221 3229 gedacht

150 3233 227 3284 Stella
245 3234 287 3284 lvir
304 3234 454 3299 corrumpirt
469 3233 552 3284 hulten
567 3233 660 3284 diirlie.
703 3234 785 3285 wird:
805 3233 855 3284 wie
872 3237 947 3300 inquit
965 3233 1049 3297 hduflg
1067 3235 1140 3285 steht.

149 3300 208 3364 vgl.
235 3302 264 3352 ll.
290 3303 319 3350 Α.
340 3300 419 3352 Woll'
439 3317 518 3352 verm.
540 3301 611 3352 Schr.
632 3301 659 3352 S.
738 3297 790 3359 88.
811 3309 946 3366 expetantur
963 3306 1006 3355 lae
1021 3320 1110 3368 poenae
1127 3321 1141 3354 a
1159 3306 1219 3355 lide-

151 3371 207 3423 159.
229 3372 270 3422 60.
299 3367 360 3419 Tac.
382 3367 502 3428 HistclV,
518 3372 565 3421 ἴδε
587 3374 617 3421 ad
635 3388 663 3422 aa
703 3374 737 3422 ria
761 3379 802 3422 ata.
818 3368 897 3417 ,Hom
925 3367 953 3419 ll.
976 3368 1022 3428 'lV‚
1051 3371 1113 3422 too:
1142 3363 1217 3439 εἴπερ

150 3438 246 3490 Cerialis
266 3439 333 3489 Ciuili
351 3447 371 3488 et
391 3441 491 3490 Classiaa
509 3441 577 3488 altit.
702 3430 741 3503 γά
776 3451 806 3486 τε
821 3432 868 3485 καὶ
890 3428 979 3486 αὐτίκ’
1002 3431 1147 3505 Ὀλύμπιος
1171 3431 1219 3486 οὐκ

115 3523 117 3527 ⁴
153 3564 156 3569 .
183 3523 213 3557 aa
236 3514 268 3558 tat
291 3509 376 3557 totalis
399 3509 481 3572 pictis,
511 3504 535 3553 d.
564 3505 588 3554 h.
615 3519 661 3554 ans
704 3499 746 3555 ἑτέ
775 3517 854 3561 noer,
885 3498 913 3555 ἐκ
945 3500 975 3555 δὲ
997 3501 1043 3554 καὶ
1067 3498 1121 3569 ὀψὲ
1138 3501 1217 3562 τελεῖ,

148 3571 364 3636 Votivgomdlden.
403 3570 484 3623 Sahal.
518 3572 593 3637 Cruq.
629 3572 662 3622 nd
705 3566 755 3622 σύν
772 3587 801 3622 τε
808 3565 917 3639 μεγάλῳ
936 3565 1069 3623 ἀπέτισαν
1084 3569 1218 3652 σὺνςφῇ-

149 3638 237 3691 llorat.
258 3640 311 3691 Sat.
332 3639 464 3699 lt‚1,32:
488 3644 566 3693 Vatiae
582 3645 662 3693 tabula
705 3650 749 3689 σιν
773 3638 908 3759 mpatpaa
931 3637 1041 3707 γυναιξί
1061 3655 1091 3691 τε
1112 3656 1159 3690 και
1175 3655 1218 3691 τε-

149 3717 191 3772 ert,
210 3726 269 3774 quaa
287 3726 316 3760 aa
332 3718 383 3760 aoto
399 3713 479 3775 posita
495 3713 566 3761 estio
579 3711 661 3774 templo
703 3703 815 3758 κέεσσιν.
876 3707 910 3772 gl.
932 3711 955 3760 1.
976 3707 1043 3771 Mos..
1060 3709 1100 3766 20,
1132 3707 1217 3759 5und

148 3785 189 3827 aut
210 3778 288 3842 aliquo
313 3779 487 3842 incapabilia,
513 3780 538 3828 ia
556 3774 601 3842 qita
619 3778 661 3827 de·
703 3774 835 3826 Plutnrahs
852 3772 915 3830 nan.
941 3780 969 3828 da
992 3794 1044 3829 scra
1067 3781 1150 3829 summi
1174 3794 1220 3828 aav-

148 3847 235 3909 rart'pta
252 3848 275 3896 lc.
294 3862 312 3895 a.
332 3848 423 3909 depicta
448 3851 481 3894 est
504 3850 599 3909 fortuna
616 3846 662 3895 oli-
703 3846 773 3896 minis
790 3848 900 3898 vindicta.

148 3915 223 3963 mms-
255 3914 290 3964 lta
307 3915 380 3963 soleat
394 3915 502 3976 naufragi
519 3928 586 3963 mum
602 3929 662 3964 aau-
740 3916 836 3971 Quinam
856 3914 1035 3965 Tantalidarum.
1069 3909 1116 3960 Die
1134 3908 1216 3959 Versa

141 3982 248 4045 [rapiam
276 3983 303 4031 ia
330 3981 415 4031 tabella
444 3981 557 4044 depictam
580 4006 614 4017 -
636 3983 663 4031 io
703 3978 759 4031 sind
783 3995 829 4030 nus
852 3978 949 4071 Attiqs,
974 3979 1026 4031 wic
1050 3976 1179 4029 Charisius
1204 3975 1215 4026 l
1292 4012 1295 4017 -
