2640 4418
79 453 108 530 li

169 282 210 343 92
344 252 347 256 Χ
526 291 569 341 na
587 289 724 343 aarum
741 258 889 341 buonuu.

170 465 246 525 quae
269 449 339 519 sunt
361 443 391 504 in
415 444 522 506 eodem
544 443 700 515 universo,
724 443 797 504 deos
820 440 888 503 ess'e
910 442 1001 513 dicit3
1021 450 1083 503 tum
1107 444 1243 507 animari-

168 539 216 592 tes
245 530 405 605 imagines,
441 546 516 607 quae
540 527 584 588 vel
612 528 759 606 prodesse
787 526 1018 588 nobissoleant
1042 526 1089 587 vel
1112 546 1242 603 nocere;

170 624 231 676 tum
260 615 397 691 ingentes
426 612 570 691 quasdam
592 612 763 688 imagines,
796 619 969 688 tantasque,
1004 617 1036 670 ut
1067 611 1240 675 universum

169 698 311 759 mrrndum
345 698 581 775 complectantur
616 695 812 756 extrinsecus.
868 695 950 785 Quae
985 694 1106 774 quidem
1140 696 1242 757 omnia
1308 716 1314 722 ·

113 792 155 843 121
173 794 243 842 sunt
264 780 359 860 patriai
382 780 554 852 Democriti,
578 798 665 857 quam
688 777 859 840 Democrito
883 777 1028 856 digniora.
1063 779 1137 851 Quis
1160 780 1241 840 enim

13 1551 64 1631 <set
76 1590 88 1625 t
99 1564 124 1635 rsa,

171 866 244 927 istas
267 865 413 942 imagines
437 862 691 942 comprehendere
715 863 814 923 animo
837 861 961 942 potest?
984 864 1053 941 quis
1076 862 1242 925 admirari?

169 950 236 1029 quis
259 957 309 1009 aut
331 947 412 1008 cultu
434 957 486 1009 aut
506 947 651 1026 religione
674 946 779 1024 dign'as
808 944 965 1007 iudicare?
997 946 1146 1025 Epicurus
1169 966 1240 1007 vero

169 1053 203 1094 ex
226 1033 334 1094 animis
357 1031 511 1093 hominum
536 1031 661 1092 extraxit
683 1031 827 1092 radicitus
849 1030 1041 1108 religionem,
1065 1049 1154 1109 quum
1179 1031 1240 1092 diis

150 1116 385 1178 immortalibus
409 1125 438 1176 et
459 1134 547 1194 opem
571 1124 602 1177 et
623 1114 747 1192 gratiam
771 1114 901 1174 sustulit.
937 1115 1034 1188 Quum
1058 1115 1137 1175 enim
1160 1115 1240 1194 opti-

167 1220 246 1262 mam
269 1209 298 1260 et
312 1200 599 1279 praestantissimam
623 1208 757 1258 naturam
781 1197 828 1258 dei
845 1192 926 1259 dicat
947 1217 1023 1271 esse,
1047 1206 1137 1275 negat
1159 1198 1240 1259 idem

167 1304 236 1346 esse
259 1284 288 1344 in
312 1284 369 1344 deo
393 1284 527 1360 gratiam.
574 1282 665 1342 Tollit
686 1282 732 1353 id,
760 1283 840 1360 quod
865 1282 992 1343 maxime
1014 1281 1241 1361 propriumest

168 1368 299 1448 optimae
321 1367 656 1447 praestantissimaeque
679 1373 812 1426 naturae.
857 1365 937 1438 Quid
960 1366 1038 1426 enim
1063 1374 1110 1426 est
1130 1366 1239 1428 melius

167 1462 218 1515 aut
246 1452 316 1530 quid
346 1451 547 1529 praestantius
576 1449 710 1510 bonitate
739 1458 769 1510 et
796 1446 1020 1511 beneficentia?
1053 1451 1117 1522 Qua
1146 1469 1237 1530 Qum

168 1555 270 1597 carere
299 1535 387 1611 deum
416 1533 519 1600 vultis,
550 1534 701 1595 neminem
731 1534 788 1594 deo
816 1552 873 1593 nec
895 1534 982 1594 deum
1006 1552 1062 1594 nec
1083 1535 1248 1617 bominem,

167 1639 278 1690 carum,
302 1608 511 1679 neminem'eb
535 1636 571 1678 eo
594 1619 697 1690 amari,
721 1617 871 1678 neminem
889 1617 974 1695 diligi
996 1617 1095 1679 vultis.
1127 1618 1171 1679 lta
1193 1619 1238 1691 fit,

166 1715 280 1764 utnon
303 1702 393 1762 modo
416 1701 553 1762 homines
576 1721 592 1762 a
615 1702 690 1774 diis,
721 1702 775 1763 sed
803 1701 863 1780 ipsi
887 1702 928 1761 dii
952 1702 1032 1761 inter
1053 1721 1087 1762 se
1109 1701 1238 1763 ab'aliis

21 1836 23 1840 .
108 1783 217 1853 tidalii
240 1785 436 1864 negligantur.
482 1785 600 1858 Quanto
623 1785 718 1847 Stoici
748 1785 869 1856 melius,
900 1785 951 1864 qui
981 1805 997 1845 a
1026 1785 1112 1846 vobis
1135 1805 1239 1865 repre·

165 1869 352 1932 henduntur!
377 1872 507 1931 Censent
529 1878 627 1931 autem
649 1871 801 1949 sapientes
825 1869 1013 1948 sapientibus
1036 1868 1127 1930 etiam
1150 1868 1239 1947 igno·
1289 1878 1297 1945 fi

164 1956 204 2015 tis
227 1974 295 2016 esse
318 1955 441 2015 amicos.
479 1954 557 2014 Nihil
582 1964 628 2015 est
650 1955 730 2022 enim
751 1953 859 2015 virtute
882 1954 1050 2027 amabilius,
1074 1972 1162 2032 quam
1184 1954 1236 2033 qui

110 2049 153 2100 122
170 2041 294 2118 adeptus
317 2038 383 2110 erit,
406 2038 666 2115 ubicumqueerit
682 2038 823 2114 gentium,
849 2057 864 2097 a
887 2038 976 2098 nobis
993 2037 1141 2114 diligetur.
1176 2039 1237 2099 llos

13 2244 121 2315 mdiu)

166 2133 263 2185 autem
288 2122 358 2200 quid
381 2122 450 2181 mali
474 2121 567 2192 datis,
596 2140 686 2200 quum
709 2123 739 2181 in
763 2121 966 2182 imbecillitate
989 2121 1236 2199 gratificationem

166 2214 196 2268 et
216 2205 454 2267 benevolentiam
477 2203 604 2289 ponit-is!
634 2206 673 2266 Ut
694 2205 773 2266 enim
797 2206 933 2266 omittam
955 2205 1012 2265 vim
1041 2214 1071 2265 et
1099 2215 1236 2267 naturam

164 2291 304 2351 deorum:
333 2308 371 2348 ne
393 2281 541 2349 bomino's‘
556 2289 676 2368 quidem
699 2289 847 2362 censetis,
876 2289 936 2349 nisi
959 2289 1102 2351 imbecilli
1124 2297 1235 2365 essent,

164 2374 280 2436 laturos
303 2374 455 2434 beneficos
479 2380 508 2433 et
529 2372 676 2451 benignos
699 2370 819 2435 luisse?
840 2374 926 2435 Nulla
949 2385 996 2434 est
1017 2376 1126 2435 caritas
1149 2382 1236 2436 natu-

164 2458 236 2519 ralis
258 2457 337 2517 inter
359 2453 479 2517 bonos?
504 2457 615 2519 Corum
637 2457 736 2536 ipsum
758 2459 880 2521 verbum
904 2466 950 2518 est
972 2458 1093 2531 amoris,
1116 2478 1152 2520 ex
1175 2478 1234 2539 quo

196 2627 275 2688 patria
288 2625 418 2674 Democriti.
454 2621 501 2671 Die
513 2620 678 2672 Stathbde-
753 2617 801 2685 44.
822 2629 881 2676 aibil
900 2633 933 2677 est
952 2643 986 2676 aa.
1005 2629 1057 2676 virt.
1069 2629 1149 2678 amab.
1173 2624 1231 2688 vat.

145 2682 195 2740 're
218 2689 291 2738 stand
315 2687 473 2738 bekanntlicb
498 2689 531 2738 im
548 2689 614 2738 Rufe
632 2689 679 2739 der
722 2690 752 2740 de
771 2690 849 2740 Amic.
870 2706 892 2740 c.
913 2693 937 2749 8,
960 2693 1006 2743 28:
1033 2697 1093 2744 nibil
1117 2700 1150 2743 est
1174 2698 1234 2745 raim

106 2782 110 2789 ·
164 2754 291 2813 Narbata,
309 2755 430 2805 woriiber
449 2756 478 2807 C.
493 2756 521 2805 F.
538 2757 677 2807 Hermanno
720 2762 844 2821 amabilius
867 2764 963 2823 uirtute,
991 2762 1051 2811 nibil
1075 2763 1136 2825 qaod
1159 2765 1235 2825 magia

164 2823 280 2874 urkuudl.
302 2823 391 2874 Gesch.
412 2840 435 2873 v.
450 2824 515 2873 Abd.
536 2840 567 2874 zu
584 2823 672 2886 vergl,
720 2829 808 2877 alliciat
827 2830 857 2877 ad
875 2830 1031 2891 diligendum,
1060 2832 1142 2893 quippe
1165 2845 1236 2893 quam
1294 2882 1298 2887 ,

164 2892 189 2941 in
206 2891 372 2943 dessenAbb.
393 2907 417 2941 u.
436 2891 515 2942 Deitr.
535 2908 582 2941 zur
598 2891 672 2941 class.
717 2902 810 2958 propter
844 2898 949 2945 uirtutem
981 2902 1001 2945 at
1028 2898 1167 2959 probitatem
1193 2912 1234 2948 eoa

164 2959 294 3010 biberetur
313 2959 338 3009 S.
361 2960 409 3010 too
427 2958 452 3008 u.
719 2964 801 3023 etiam,
831 2978 888 3027 quos
906 2979 1022 3029 auagaam
1039 2965 1147 3023 uidimus,
1176 2980 1235 3028 quoe

200 3028 257 3077 121.
277 3036 344 3091 nepot
363 3045 412 3077 esse
429 3032 454 3077 in
467 3031 509 3078 deo
522 3031 626 3091 aratiam.
647 3025 672 3075 S.
710 3031 839 3080 dammodo
863 3031 994 3093 diligamur.

164 3092 188 3141 d·
201 3093 348 3149 obeat-17,
364 3095 397 3144 45
408 3094 491 3155 angel.
507 3087 587 3160 κυρία
599 3087 672 3149 δόξα.
753 3100 809 3160 quid
826 3098 882 3146 mali
900 3099 982 3146 duis?
1012 3091 1040 3140 lu
1059 3091 1105 3141 der
1122 3092 1235 3159 Sprnclre

198 3163 396 3224 amari—diliai.
433 3160 510 3209 Beide
528 3160 676 3209 Ausdriiclxo
719 3161 764 3211 dos
793 3162 922 3224 gemeinen
946 3159 1045 3210 Lebens
1070 3159 1104 3209 ist
1127 3166 1182 3213 dare
1206 3161 1246 3213 in'

163 3227 268 3276 werden
286 3225 369 3287 baiulig
385 3226 545 3275 verbunden:
574 3228 620 3276 der
636 3242 677 3276 cr·
719 3230 840 3279 manchon
850 3228 1023 3279 Redensarten
1036 3243 1057 3276 s.
1073 3244 1099 3277 v.
1121 3229 1158 3279 als
1175 3244 1234 3280 ver-

164 3301 203 3343 ste
221 3294 280 3356 geht
298 3293 344 3341 aul
358 3293 414 3342 eine
437 3295 507 3343 mehr
531 3293 677 3344 unwillluir-
720 3298 850 3354 ursacbeu,
871 3295 1008 3352 auriolum,
1030 3293 1234 3358 quegcbrin-
1257 3311 1270 3359 ρ

162 3361 227 3411 licbc
252 3353 486 3424 Heluensneiguag,
514 3362 560 3411 der
583 3362 676 3412 andero
719 3379 775 3426 gen.
812 3368 898 3417 Matura
924 3369 980 3418 dare
1007 3362 1090 3426 hiullg
1116 3363 1159 3414 bei
1184 3365 1234 3414 den

163 3428 675 3492 aufainahegrundeteWanhsauarzung.
719 3431 864 3481 Komilxern.
1311 3438 1315 3442 '

162 3499 242 3549 Amant
260 3501 294 3548 dii
312 3500 427 3560 bomiaes,
453 3495 514 3546 weil
536 3512 564 3546 es
587 3497 613 3546 in
631 3497 677 3546 der
752 3504 777 3550 ia
795 3501 959 3563 imbecillitate.
984 3496 1041 3561 Vgl.
1063 3497 1094 3546 de
1107 3497 1186 3547 Amic.
1206 3512 1230 3548 c.

163 3563 298 3626 grittlicben
314 3560 398 3613 Natur
414 3563 488 3626 liegt,
519 3562 596 3614 Liobe
620 3579 676 3614 aum
719 3567 743 3623 9,
773 3566 820 3616 29:
842 3583 915 3631 auam
938 3569 1136 3627 (beneuolentiaml
1154 3569 1175 3616 si
1192 3571 1257 3632 qair-

103 3630 105 3636 '
162 3631 343 3681 menscblicben
361 3630 510 3682 Gescblccbt
525 3646 557 3680 zu
575 3630 674 3680 toalea:
717 3640 800 3698 putant
825 3636 853 3683 ab
878 3637 1035 3685 imbecillitate
1057 3636 1181 3699 proficisci,
1207 3641 1235 3684 ut

163 3701 261 3762 diliguat
280 3704 314 3750 dii
331 3704 447 3762 homiues,
472 3698 555 3748 indam
573 3697 609 3747 sio
629 3697 695 3746 deu·
719 3703 763 3762 rit,
791 3717 832 3764 per
849 3717 915 3765 quem
932 3710 1069 3767 assequatur
1087 3704 1149 3767 quod
1166 3704 1234 3765 quir-

162 3763 292 3815 Frommen
310 3767 360 3815 und
378 3764 569 3829 Tugeudballeu
586 3764 677 3814 beson-
720 3783 763 3832 aar
774 3769 895 3830 derideret,
905 3772 1024 3841 [humilem
1034 3771 1233 3832 ranereliapaaat

162 3829 221 3882 ders
245 3832 374 3883 huldreicb
398 3834 449 3884 und
475 3831 615 3884 freuudlicb
632 3847 676 3881 aa·
719 3841 740 3884 et
756 3836 849 3885 minime
866 3852 1014 3900 generosiori,
1042 3845 1069 3887 ut
1090 3838 1124 3886 ita
1148 3838 1231 3898 diram,

162 3899 252 3975 gethan
271 3899 335 3950 sind.
719 3908 793 3952 ortum
810 3906 932 3955 amicitiae.
