2640 4418
439 298 501 392 blB.
522 341 567 395 ΙΙΙ.’
586 341 658 392 CAP.
679 342 720 393 26.
742 342 783 392 27,
804 341 845 392 28.
1113 330 1172 391 221
1250 347 1252 356 “

103 499 142 559 At
164 497 194 558 id
217 496 316 575 ipsum
339 512 427 572 quam
450 495 573 566 callide,
608 495 659 571 qui
685 509 809 569 regnum
831 493 978 555 adulterio
1002 501 1189 573 qrraereret:··

146 580 230 643 luno
253 579 374 660 (inquit)
397 579 469 650 nnc,
493 580 572 658 qnod
593 577 667 638 inibi
682 579 828 656 porte'nto
851 579 1012 640 coelestim
1028 591 1121 659 poter

143 666 320 745 prodtpt'nrn
339 667 421 724 misit
441 665 529 741 ripni
549 661 718 723 stabilimen
738 666 805 733 neci,

96 809 101 814 ,
148 769 259 829 apnnrn
280 754 363 809 inter
381 749 510 828 pecudes
532 750 628 808 astrea
650 746 767 807 clareins
790 764 881 818 coma,

148 852 234 915 quern
256 832 332 893 cldm
356 831 511 910 presteni
533 831 649 910 cidpene
671 849 780 901 ensnin
801 849 866 892 esse
889 850 904 892 ε
926 833 1030 910 ricini

148 938 207 999 qne
228 920 262 988 in
283 935 317 978 re
339 918 517 978 ddintricern
539 919 691 994 cdninpene
713 920 792 995 cepit
812 917 884 977 sidia

103 1001 265 1063 Videturne
299 1019 413 1069 summa
447 999 638 1078 improbitate
669 1010 833 1059 usus'non
866 999 1078 1060 sine-summa
1102 1018 1174 1065 esse
1188 1011 1219 1063 69

104 1084 245 1148 ratione?
287 1085 350 1146 Nee
376 1104 447 1146 vero
475 1103 565 1145 scena
598 1083 694 1144 solum
723 1085 833 1144 referta
857 1093 903 1144 est
928 1083 977 1144 his
995 1085 1175 1160 sceleribus,

105 1171 159 1232 sed
187 1171 281 1231 multo
309 1169 369 1229 vita
397 1168 566 1230 communis
593 1186 689 1247 paene
721 1167 896 1229 maioribus.
941 1168 1040 1231 Sentit
1068 1169 1174 1231 domus

104 1253 379 1334 uniuscuiusque,
414 1254 505 1314 sentit
526 1254 640 1325 lorum,
675 1251 769 1330 sentit
789 1252 887 1323 curia,
918 1269 1056 1331 campus,
1087 1253 1173 1327 socii,

103 1338 292 1419 provinciae,
315 1345 362 1409 ut,
387 1337 637 1415 quemadmodum
660 1333 777 1398 ratione
798 1344 880 1398 recte
902 1337 969 1411 fiat,
992 1337 1036 1398 sic
1058 1337 1175 1399 ratione

103 1431 262 1503 peccetur3
292 1421 479 1501 alterumque
502 1428 532 1483 et
553 1440 570 1482 a
592 1421 697 1500 paucis
721 1432 750 1482 et
771 1440 855 1495 raro,
885 1422 1009 1482 alterum
1033 1429 1062 1481 et
1085 1439 1176 1500 saepe

105 1515 134 1568 et
155 1526 171 1578 a
194 1505 347 1584 plurimis:
381 1514 414 1567 ut
440 1504 534 1566 satius
562 1506 653 1566 fuerit
681 1505 793 1568 nullam
821 1505 944 1567 omnino
961 1504 1054 1574 ,nobis
1078 1524 1093 1566 a
1117 1506 1175 1567 diis

104 1590 323 1652 immortalibus
347 1589 444 1650 datam
468 1608 536 1651 esse
558 1590 719 1663 rationem,
744 1610 831 1669 quam
854 1597 934 1652 tanta
958 1606 1024 1650 cum
1041 1590 1176 1668 pernicie

105 1676 215 1737 datam.
259 1674 296 1735 Ut
316 1674 418 1735 vinum
440 1673 580 1751 aegrotis,
605 1673 674 1751 quia
697 1675 822 1752 prodest
845 1693 926 1748 raro,
947 1682 1038 1736 nocet
1060 1675 1176 1754 saepis-

104 1760 194 1833 sime,
229 1759 337 1821 melius
371 1767 504 1819 estnon
534 1756 677 1818 adbibere
707 1759 845 1831 omnino,
881 1778 968 1838 quam
992 1778 1047 1838 spe
1070 1759 1182 1829 dubiae,

105 1844 209 1905 salutis
242 1843 273 1904 in
302 1850 435 1922 apertam
462 1841 626 1922 perniciem
649 1842 818 1902 incurrere:
856 1842 900 1902 sic
928 1842 1007 1910 baud
1041 1844 1105 1903 scio
1138 1862 1177 1904 an

103 1928 211 1990 melius
242 1927 346 2000 luerit,
378 1929 508 1988 humano
532 1925 634 2004 generi
663 1933 777 1985 motum
799 1924 891 1986 istum
913 1925 1040 1986 celerem
1064 1927 1176 2004 cogita·
1217 1961 1226 1977 x

103 2013 207 2083 tionis,
231 2014 366 2084 acumen‘,
380 2010 562 2081 sollertiam,
586 2029 675 2088 quam
698 2009 844 2070 rationem
859 2028 1009 2082 vocamus,
1034 2011 1177 2089 quoniam

104 2097 249 2178 pestilera
272 2105 318 2159 est
339 2096 450 2168 multis,
475 2095 634 2156 admodum
657 2093 763 2172 paucis
786 2093 934 2168 salutaris,
956 2112 1017 2154 non
1033 2094 1097 2155 dari
1113 2107 1177 2161 om,-

105 2183 188 2254 uino,
212 2200 301 2260 quam
323 2189 383 2242 tam
406 2172 545 2242 munifice
568 2187 598 2240 et
619 2185 681 2239 tam
702 2179 785 2256 large
809 2177 883 2239 dari.
930 2179 1133 2251 Quamobrem
1148 2179 1175 2253 si
1189 2191 1220 2240 το

104 2265 409 2343 mensvoluntasque
432 2265 531 2326 divina
560 2263 673 2331 idcirco
704 2263 854 2324 consuluit
876 2262 1064 2336 hominibus,
1096 2265 1177 2342 quod
1215 2279 1224 2285 ’

105 2350 144 2410 iis
166 2351 272 2427 largita
295 2357 342 2409 est
363 2352 525 2409 rationem:
564 2348 602 2409 iis
631 2346 705 2409 solis
728 2347 894 2421 consuluit,
929 2366 1004 2427 quos
1026 2347 1106 2408 bona
1128 2366 1177 2408 ra·

104 2435 187 2496 tione
209 2432 344 2509 donavit,
380 2451 455 2511 quos
478 2433 629 2505 videmus,
663 2431 801 2492 simodo
824 2432 877 2493 ulli
901 2439 986 2504 sunt,
1018 2451 1085 2493 esse
1107 2451 1176 2512 per·
1264 2444 1280 2490 ἰ

105 2537 229 2598 paucos.
272 2518 339 2578 Non
360 2517 459 2596 placet
486 2525 585 2578 autem
612 2515 718 2595 paucis
747 2516 845 2577 ediis
868 2516 1086 2579 immortalibus
1109 2532 1185 2578 esse

107 2602 293 2677 consultum3
331 2602 467 2683 sequitur
496 2619 583 2680 ergo,
617 2608 650 2661 ut
672 2601 785 2662 nemini
808 2601 977 2664 consultum
1001 2602 1050 2662 sit.
1095 2601 1172 2663 Huic
1186 2598 1233 2670 28

104 2687 172 2749 loco
197 2687 241 2748 sic
263 2686 368 2749 soletis
391 2704 565 2748 occurrere:
602 2704 664 2747 non
691 2685 807 2767 idcirco
828 2705 889 2748 non
912 2687 1025 2765 optime
1047 2685 1176 2758 nobis'a

139 2823 180 2872 69.
204 2824 331 2872 Videtnrne.
351 2818 384 2869 So
402 2819 468 2869 wird
484 2819 552 2868 nicht
569 2817 618 2868 sel·
660 2819 837 2868 bervertreteo
850 2816 982 2867 zulassed.
1002 2815 1171 2878 Vgl.Tuscul.

103 2895 144 2938 ten
173 2886 218 2935 mit
241 2888 296 2934 dem
324 2884 425 2935 blossen
453 2885 618 2936 enklltiscben
660 2884 691 2942 V,
714 2887 754 2943 36,
778 2887 839 2935 104:
868 2889 904 2936 nir
927 2889 1019 2951 sapiens
1035 2889 1107 2936 multo
1125 2894 1175 2938 erte

103 2973 132 3006 ne
150 2954 205 3003 eine
223 2954 305 3014 Frage
332 2953 546 3017 eusgesprnnben,
576 2951 618 3000 die
659 2956 747 3003 ntoiore
762 2955 890 3017 praeditus.
909 2950 1068 3015 contenti,
1086 2953 1124 3009 16,
1141 2954 1171 3003 2:
1209 2989 1212 2992 -

104 3018 145 3072 cin
162 3021 177 3070 l
184 3036 264 3070 azur
281 3021 398 3069 Antwort
422 3026 545 3069 erwertet
568 3017 618 3067 uod
663 3020 751 3070 Gnaeus
765 3028 843 3069 noster
859 3022 930 3071 inulto
944 3024 1015 3071 enimi
1042 3024 1079 3070 ins
1098 3023 1174 3072 tebet.

24 3095 26 3099 ’
102 3105 145 3139 wo
164 3088 217 3138 also
235 3085 623 3149 nonnegesetztwerdenkonn:
695 3090 764 3137 sentit
781 3113 814 3123 -
831 3095 857 3137 nt
871 3078 990 3152 patretur,
1016 3039 1085 3135 «ΙΙΙ.
1115 3104 1174 3154 qno-

104 3165 139 3217 te.
176 3155 234 3218 Vgl.
267 3155 298 3204 de
326 3154 398 3204 Ollio.
424 3152 466 3212 ΙΙΙ,
501 3156 540 3211 17,
568 3154 616 3204 68:
659 3155 727 3203 modo
754 3151 817 3220 oder
847 3152 993 3220 quantopere}
1036 3153 1094 3216 vgl.
1131 3167 1170 3220 pr.

105 3235 186 3276 suntne
203 3229 275 3290 ipitur
291 3227 400 3286 insidiiis,
414 3224 618 3287 tendereplopes?
662 3217 735 3267 Rosc.
755 3220 810 3268 Am.
829 3234 854 3269 c.
873 3221 919 3273 24:
949 3225 1063 3274 Videtisne
1084 3230 1110 3273 ut
1134 3230 1186 3274 eos'

104 3291 150 3340 mit
163 3292 211 3342 den
223 3290 340 3341 Anmerlr.
355 3304 405 3339 vcu
416 3288 557 3350 Heusinger
568 3285 618 3336 und
661 3291 747 3352 repitent
763 3291 869 3340 Furiae?

105 3359 188 3409 Reier.
226 3357 366 3408 Besonders
385 3357 467 3419 bdufig
485 3356 520 3406 ist
540 3359 619 3407 Vides·
693 3362 779 3406 motum
801 3359 871 3407 istum
895 3359 988 3407 celerem
1013 3358 1170 3420 eopitetionis.

105 3432 153 3478 ne?
180 3430 309 3478 videtisne?
337 3424 387 3474 wie
411 3426 473 3474 euch
491 3425 524 3474 im
542 3422 618 3472 Dcut·
654 3420 717 3484 ngr.
739 3436 760 3470 c.
782 3422 822 3480 28,
844 3425 890 3473 71:
916 3427 967 3475 sine
985 3427 1056 3475 enimi
1071 3431 1135 3473 motu
1152 3430 1174 3489 et

106 3493 182 3542 seben
200 3494 237 3543 ost
255 3492 426 3543 Siebstdu
449 3491 552 3542 woblt
576 3505 618 3553 ge·
661 3484 807 3554 copitotiode.
839 3488 871 3539 de
896 3486 968 3539 Or‘ut.
993 3489 1012 3548 Ι,
1042 3491 1082 3548 25,
1106 3490 1171 3541 113:

106 3561 305 3622 sagtwirdwo
319 3559 435 3610 Siehst
451 3559 494 3608 du
508 3559 618 3609 nicht?
661 3561 749 3622 inpenii
783 3561 866 3609 celeres
899 3554 992 3623 qnidam
1017 3556 1100 3608 motn‘s.
1141 3555 1173 3607 dc

32 3623 35 3634 ’
107 3628 195 3677 steben
213 3627 314 3678 kdnnte.
335 3627 362 3677 S.
382 3635 458 3678 unten
476 3642 497 3676 c.
519 3629 559 3686 34,
575 3627 616 3678 83.
661 3621 741 3688 Legg.
761 3621 791 3682 ΙΙ,
815 3625 853 3682 18,
871 3627 919 3676 46:
940 3628 1063 3689 quimodc
1081 3629 1173 3690 inuenio

106 3693 232 3753 Tusculi,
256 3698 295 3753 11.
318 3696 359 3746 26.
379 3696 419 3753 21,
442 3696 483 3746 50.
508 3695 548 3752 22,
575 3695 616 3746 53.
659 3698 735 3759 possit
757 3697 850 3744 menen.
881 3692 913 3741 ad
936 3691 1024 3742 Famil.
1044 3689 1102 3749 XV,
1124 3693 1171 3751 21:

106 3763 181 3813 Rosc.
202 3764 256 3812 Ain.
278 3779 300 3812 c.
321 3764 362 3814 24.
660 3765 778 3826 inpeninm
796 3762 859 3812 Celei
876 3764 1095 3813 contempnebatur.

139 3835 210 3883 mnttc
240 3859 266 3866 -
291 3849 365 3896 paene
398 3834 533 3901 maioribps.
573 3827 620 3879 Die
685 3830 738 3879 'tn
759 3831 845 3880 ideirco
858 3832 987 3881 consuluit:
1006 3808 1175 3896 abgekbrsiir

106 3896 242 3961 Trennung
258 3898 302 3948 des
319 3902 391 3951 multo
408 3912 457 3946 von
475 3896 531 3947 dem
549 3894 621 3947 Com·
662 3895 795 3945 Ausdruelr
814 3895 855 3944 fiir
871 3900 957 3948 ideireo
976 3899 1124 3949 consuluisse
1138 3899 1176 3947 di·

103 3966 206 4031 paretiv
223 3965 299 4033 dicut,
330 3965 370 4015 die
388 3965 535 4027 Redeutung
551 3965 622 4014 melu·
662 3969 730 4027 citer,
750 3962 855 4014 uirnlich
874 3983 888 4016 a
904 3967 976 4016 nobis.
1075 3961 1079 3969 ‘
