2640 4418
157 296 198 355 ’74
509 306 552 357 DE
571 304 707 357 NATURA
724 306 871 375 DEORUM.

156 479 263 522 canum
292 478 373 530 eum,
409 478 496 539 qucm
529 460 601 522 lecit
622 460 812 522 Alcamenes:
846 461 877 521 in
912 478 985 539 quo»-
1003 466 1100 522 stante
1134 469 1223 541 atque

110 539 116 557 ‘
156 546 262 606 vestito
291 545 396 604 leviter
463 556 546 623 paret
580 545 757 606 claudicatio
792 565 852 606 non
881 542 1034 606 deformis.
1079 544 1223 607 Claudum

157 630 247 706 igitur
268 564 566 774 hahehiflteum,
596 630 736 708 quoniam
759 631 795 690 de
819 630 948 692 Vulcano
972 631 1017 690 sic
1042 630 1224 709 accepimus

14 749 18 759 ι
110 719 251 793 sarigas
263 721 292 774 et
315 714 362 773 his
384 734 401 773 v
422 724 455 774 ca
479 714 536 775 ulis
570 715 643 775 deos
666 733 733 776 csse
756 715 915 784 faciamus,
953 715 1112 794 quibusa
1134 715 1223 781 nohis

157 797 358 858 nominantur.
402 802 439 859 ht
460 798 598 877 primum,
623 808 695 879 quot
714 800 865 860 hominum
885 800 1013 886 linguae,
1036 807 1081 860 tot
1102 799 1225 860 nomina

156 883 291 944 deorum.
334 883 401 944 Nou
423 883 517 955 enim,
546 893 579 945 ut
599 893 632 945 tu
656 883 792 957 Velleius,
816 901 1002 963 quocumque
1024 884 1155 957 veneris,
1179 884 1225 944 sie

158 967 236 1027 idem
260 967 291 1035 in
312 968 397 1037 ltalia
420 969 582 1040 Vulcanus,
612 969 691 1028 idem
714 969 744 1028 in
767 969 882 1040 hlrica,
916 969 995 1029 idem
1017 969 1048 1028 in
1070 969 1224 1048 Hispania.

158 1052 270 1113 lteindc
293 1052 446 1112 nominum
470 1072 529 1114 non
548 1069 671 1128 magnus
694 1071 843 1120 numerus,
867 1071 905 1113 ne
927 1055 958 1113 in
972 1053 1134 1131 pontificiis
1152 1053 1245 1132 nui--

9 1134 88 1218 ilai«
113 1136 369 1220 xxssssffifflffilllh
393 1138 515 1198 deorum
539 1147 637 1198 autem
660 1137 896 1199 innumerabilis.
939 1138 983 1197 An
1008 1137 1073 1199 sine
1095 1137 1226 1198 nomini-

78 1214 85 1223 ’
157 1221 213 1282 hus
236 1217 327 1281 sunt?
355 1223 438 1299 lstud
461 1222 581 1311 quidem
603 1222 643 1282 ita
666 1222 751 1281 vohis
775 1222 874 1282 dicere
896 1241 1022 1283 necesse
1044 1231 1099 1283 est.
1145 1221 1227 1295 Quid

159 1306 238 1367 enim
261 1307 374 1376 attinet,
399 1324 490 1384 quum
512 1326 570 1367 una
593 1306 685 1367 facies
700 1306 747 1374 sit,
772 1306 856 1384 plura
871 1325 938 1368 esse
961 1303 1105 1366 nomina?
1127 1307 1226 1380 Quam

157 1390 267 1451 bellum
291 1402 362 1462 crat,
385 1390 487 1469 Vellei,
522 1392 657 1451 confiteri
687 1391 796 1470 potius,
829 1391 946 1452 nescire
979 1392 1058 1470 quod
1081 1392 1225 1462 nescires,

10 1506 44 1576 Ἄ(
67 1489 127 1582 Μ
159 1493 245 1553 quam
269 1475 326 1568 ista
348 1475 532 1536 effutientem
554 1494 699 1561 nauseare
721 1484 810 1554 atque
843 1475 941 1554 ipsum
964 1475 1020 1535 sihi
1040 1472 1252 1555 displicerel’

100 1558 102 1563 ’
138 1565 202 1625 Ἀιι
226 1560 335 1620 tumel
360 1559 488 1619 similem
510 1568 597 1638 putas
627 1579 695 1621 esse
724 1569 775 1621 aut
796 1561 839 1620 tui
863 1557 975 1621 deum?
1003 1560 1142 1621 Proiecto
1165 1579 1227 1621 non

158 1652 255 1722 putas.
301 1643 377 1715 Quid
402 1641 495 1720 ergo?
527 1644 740 1715 solemdicam
763 1652 813 1704 aut
833 1645 932 1705 lunam
956 1653 1005 1706 aut
1036 1645 1150 1706 caelum
1174 1646 1227 1705 de·
1253 1721 1255 1724 Ι

157 1725 230 1789 um?
253 1728 329 1805 Ergo
353 1728 441 1789 etiam
464 1726 606 1789 beatum?
629 1731 737 1807 quihus
761 1731 908 1790 fruentem
930 1725 1154 1808 voluptatibus?
1188 1729 1229 1790 Et

159 1809 348 1892 sapientem?
381 1817 432 1891 qul
466 1821 566 1892 potest
597 1822 665 1876 esse
699 1815 727 1874 in
757 1814 905 1874 eiusmodi
929 1823 1032 1874 trunco
1055 1810 1229 1891 sapientia?

114 1899 241 1959 85Haeo
262 1905 358 1958 vestra
383 1906 461 1959 sunt.
507 1899 537 1959 Si
566 1898 656 1976 igitur
677 1918 733 1959 nec
755 1899 884 1958 humano
909 1900 989 1971 visu,
1025 1899 1104 1978 quod
1128 1897 1228 1972 docui,

138 2002 214 2061 nec
237 1982 294 2042 alio
318 1983 434 2061 aliquo,
467 1984 545 2061 quod
568 1984 623 2043 tihi
645 2003 819 2062 persuasum
844 1992 904 2042 est:
939 1983 1010 2061 quid
1032 1981 1151 2042 dubitas
1174 2002 1228 2043 ne·

125 2064 238 2144 v·gare‚‘
261 2067 335 2127 deos
357 2064 446 2127 esse?
468 2069 534 2128 Non
553 2069 655 2127 audes.
700 2069 858 2145 Sapienter
879 2068 909 2127 id
923 2068 1052 2146 quidem.
1081 2067 1147 2127 Etsi
1168 2067 1228 2128 hoc

159 2153 226 2212 loeo
249 2170 308 2211 non
332 2151 474 2229 populum
497 2151 621 2220 metuis,
659 2153 712 2212 sed
745 2152 829 2229 ipsos
853 2152 936 2211 deos.
979 2152 1054 2213 Novi
1077 2170 1131 2229 ego
1155 2151 1226 2230 Epi-

159 2254 265 2296 oureos
289 2237 387 2295 omnia
411 2234 506 2312 sigilla
530 2244 721 2296 venerantes:
757 2254 935 2314 quamquam
966 2237 1053 2295 video
1075 2235 1227 2298 nonnullis

82 2342 85 2354 ·
160 2320 268 2391 videri,
303 2320 478 2398 Epicurum,
516 2339 553 2381 ne
576 2320 607 2380 in
630 2319 828 2382 offensionem
850 2321 1076 2381 Atheniensium
1099 2321 1227 2392 caderet,

65 2452 67 2459 ,
160 2405 259 2466 verbis
282 2404 442 2484 reliquisse
465 2405 548 2477 deos,
571 2424 603 2465 rc
626 2405 793 2466 sustulisse.
821 2406 942 2484 -ltaque
965 2405 1003 2482 jin
1026 2405 1086 2465 illis
1108 2405 1228 2466 selectis

152 2596 154 2603 ’
197 2582 249 2642 30.
263 2589 303 2639 83.
324 2592 462 2649 Alcamenes,
480 2588 520 2637 eiu
530 2587 690 2648 herirhmter¹
717 2598 737 2639 et
749 2615 779 2626 ··
790 2587 840 2650 vgl.
854 2590 916 2638 euch
934 2587 980 2637 Th.
993 2588 1102 2639 Schmidt
1119 2604 1150 2637 zu
1164 2587 1225 2638 Hor.

164 2657 300 2707 Bildhauer
329 2657 373 2705 des
398 2655 584 2706 Perilleischen
605 2655 673 2707 Zeit·
716 2655 762 2721 Ep.
783 2655 812 2710 ll.
837 2659 858 2712 l,
880 2656 937 2707 214.

165 2725 251 2775 alters.
750 2729 774 2775 in
790 2728 922 2790 pontificiis,
942 2730 1066 2778 selibris.
1093 2723 1152 2772 Dies
1171 2723 1230 2774 sind

197 2795 238 2845 84.
258 2796 303 2857 Ape
322 2796 514 2856 et-fooiomus.
545 2795 591 2856 Ape
609 2791 673 2841 heim
717 2791 757 2840 dic
775 2806 827 2853 sog.
849 2795 1038 2858 lodipitomouto,
1065 2810 1122 2858 quoe
1146 2800 1167 2842 ot
1183 2811 1229 2844 no-

147 2862 327 2923 .Uehergauge
345 2875 377 2908 zu
394 2867 474 2909 etwas
492 2859 615 2916 Anderm‘,
637 2860 675 2909 olt
716 2863 779 2910 mino
797 2865 890 2911 deorum
908 2870 930 2911 ct
947 2867 1048 2912 rationes
1065 2865 1167 2926 ipsorum
1184 2878 1230 2911 oo-

164 2929 359 2995 auchmitporro
373 2926 498 2988 tVerr.ll,
513 2931 536 2985 5,
549 2929 598 2985 tat,
615 2940 675 2980 natac
717 2931 802 2979 minum
832 2932 952 2980 contineat.
999 2928 1071 2977 SerV.
1098 2928 1130 2976 ed
1153 2926 1227 2989 Virg‘.

164 2995 675 3062 tpr.llosc.hm.2'l.108tu.dgl.ver·
719 2993 810 3057 Georg.
831 2993 849 3052 l,
872 2997 913 3046 21.
1213 3029 1217 3037 -

164 3064 272 3114 hundeu.
302 3062 358 3125 Vgl.
380 3071 454 3113 unteu
478 3063 513 3121 ll,
541 3067 586 3121 47,
616 3065 672 3114 120.
752 3068 815 3114 istud
834 3091 862 3098 -
883 3068 923 3115 ito.
948 3060 1005 3124 Vgt.
1024 3061 1055 3109 de
1071 3060 1127 3109 Div.
1148 3059 1178 3117 lt,
1201 3064 1226 3119 8,

165 3130 211 3190 lll,
235 3135 273 3189 ll,
295 3133 336 3181 43.
374 3130 481 3182 Etaher
504 3131 537 3180 ist
555 3131 676 3186 niehtals
719 3132 765 3181 21:
788 3136 865 3197 quod
883 3140 941 3182 certa
961 3133 1025 3180 uobis
1045 3132 1231 3181 itodiceadum

166 3198 260 3264 Copula
286 3214 317 3246 zu
335 3200 451 3255 nehmcu,
478 3199 528 3248 wie
553 3207 620 3248 etwa
636 3199 676 3247 'im
719 3208 760 3260 est,
781 3215 804 3247 u.
820 3199 890 3249 mehr
899 3197 941 3246 hei
956 3195 1027 3244 Hand
1036 3194 1171 3245 Tursellin.
1183 3195 1227 3247 lll.

164 3267 319 3317 Deutschen:
346 3266 419 3322 hul,
448 3266 509 3315 und
531 3265 675 3316 lessuns
717 3280 741 3330 p.
762 3268 820 3317 485.

166 3363 210 3392 -,
231 3349 286 3384 was
305 3333 360 3382 dem
378 3333 434 3382 Lat.
455 3332 676 3398 Sprochgchrauch
752 3339 826 3400 ipsam
835 3337 880 3384 sihi
889 3334 1017 3397 displicere.
1042 3331 1230 3381 Genaucrfrei-

166 3403 246 3453 fremd
263 3402 309 3458 ist,
331 3401 438 3451 sondcro
462 3401 504 3450 liir
520 3408 600 3455 etium:
619 3401 675 3452 eine
717 3401 846 3451 lichwiirc
864 3404 921 3452 tihi:
939 3399 1001 3448 aher
1018 3399 1050 3449 da
1068 3399 1092 3448 in
1109 3397 1232 3449 derThat

165 3470 342 3531 huwendung,
370 3469 414 3520 dic
434 3470 490 3519 dem
509 3470 560 3520 Cio.
580 3470 675 3533 menig·
719 3470 763 3520 des
773 3467 1062 3530 Vorhcrgehendenicht
1076 3466 1231 3518 sowohldeu

166 3548 233 3590 stcus
252 3539 277 3587 in
295 3538 343 3587 den
359 3537 589 3603 philos.·Sch1·illen
608 3555 631 3587 ιι.
650 3538 674 3587 iu
717 3536 781 3586 Vell.
794 3535 903 3602 speciell,
916 3534 1231 3602 alsdieEpikurceriiber-

101 3606 104 3611 ’
166 3609 213 3658 den
231 3607 332 3657 Briefen
350 3606 523 3669 keinesweges
541 3607 676 3671 ahzuspre-
718 3607 794 3670 haupt
811 3604 880 3661 trith,
902 3620 929 3654 so
949 3604 982 3654 ist
995 3605 1056 3668 jene
1073 3602 1231 3666 Ungenauig-

167 3678 227 3725 chen
246 3676 286 3725 ist.
313 3672 439 3724 Nachdem
455 3676 548 3724 vorher
564 3690 613 3722 von
632 3674 677 3723 der
720 3673 772 3722 heit
788 3672 869 3722 leicht
880 3689 911 3722 zu
930 3671 1125 3734 cntschuldigcn.

168 3742 276 3801 Gestalt,
303 3750 376 3793 unter
393 3744 439 3793 der
455 3758 511 3792 mun
530 3741 569 3790 dic
588 3740 678 3791 Gdtter
754 3742 794 3792 85.
815 3745 892 3806 ltaque
910 3749 952 3792 ete.
983 3739 1018 3790 Es
1036 3740 1070 3789 ist
1086 3739 1149 3797 kler,
1171 3738 1232 3788 dass

168 3810 262 3869 denhe,
284 3813 440 3876 gesproohen
454 3810 572 3866 worden,
599 3807 677 3858 sollen
721 3807 760 3856 die
773 3807 891 3858 schlichte
902 3807 1005 3870 hngahe
1017 3808 1042 3856 in
1052 3807 1145 3856 diesem
1155 3806 1231 3856 Sntze

168 3894 216 3927 nun
235 3880 312 3937 auph
331 3879 384 3929 ihre
395 3878 576 3939 Benennungen
595 3874 677 3926 inBe-
720 3876 783 3924 noch
802 3875 868 3925 nicht
886 3875 1017 3938 eigcntlich
1039 3875 1169 3938 dasjeuige
1186 3873 1228 3930 ist,

168 3947 250 3996 tracht
267 3946 512 4007 senopem-werden:
538 3944 620 3994 Ueber
637 3963 678 4021 ope
719 3957 775 3995 was
793 3943 830 3994 als
846 3942 923 4005 Beleg
939 3933 993 3993 de?
1002 3941 1234 4003 lmVorhergehen-
