2640 4418
112 285 155 346 40
467 294 511 351 DE
529 291 666 345 NATURA
682 292 829 344 DEORUM.

111 450 257 512 medentes
280 449 316 510 ad
340 447 470 509 enimum
494 446 682 509 alliciendum
705 447 927 528 pariendosque
950 443 1082 508 sensus?
1104 447 1186 510 Lon-

117 536 191 613 gum'
208 542 270 607 est,
293 533 330 594 ed
354 533 473 604 omnia3
496 552 571 612 quae
593 531 765 613 tulissent,
798 540 831 594 ut
853 538 953 611 optate
973 532 1068 611 magis
1097 552 1186 613 quern

54 615 236 680 '20invenle
258 617 422 679 videantur.
466 617 525 678 Sed
554 616 605 678 illa
628 616 783 695 palmaris,
814 617 893 695 quod
923 616 1019 689 idem,
1049 617 1185 697 quinon

117 705 207 765 modo
238 712 338 764 netum
369 702 510 783 mundum
539 701 751 775 introduxerit,
786 701 838 762 sed
872 700 961 762 etiam
984 719 1186 782 manupaene

118 790 237 861 lectum,
260 787 286 848 is
309 774 390 848 eum'.
399 787 507 848 dixerit
528 787 591 861 lore
615 786 839 866 sempiternum.
859 826 862 866 3
884 787 976 847 llunc·
992 805 1099 848 censes
1121 787 1186 866 pri-

38 927 42 932 .
110 873 191 946 mis,
224 879 255 933 ut
277 871 400 943 diciturl
429 871 521 952 labris
544 879 678 949 gustasse
700 870 919 964 phgsiologiem
941 869 970 930 id
993 881 1039 932 est
1060 879 1187 945 naturae

116 956 271 1031 rationem,
296 956 346 1036 qui
359 954 530 1036 quidquem,
554 956 633 1035 quod
648 965 744 1017 ortum
767 956 824 1025 sit,
839 962 923 1034 liutet
939 963 1094 1025 aeternum¹
1115 975 1187 1018 esse

116 1039 233 1122 posse?
260 1042 342 1114 Quae
372 1050 418 1112 est
446 1042 526 1102 enim
555 1040 772 1119 coagmentatio
800 1058 861 1101 non
884 1037 1092 1101 dissolubilis?
1133 1049 1186 1102 eut

114 1127 185 1206 quid
208 1135 269 1202 est,
292 1126 376 1187 c'ieius
398 1125 579 1205 principium
613 1120 733 1204 aliqudd
757 1125 811 1198 sit,
839 1124 914 1185 nihil
937 1124 977 1185 sit
998 1121 1186 1186 extremum?

116 1212 252 1293 Pronoea
279 1230 348 1272 vero
377 1218 474 1272 vestra
505 1211 532 1270 si
560 1210 662 1271 eedem
690 1215 752 1280 est,
787 1209 900 1284 Lucili,
928 1210 1031 1270 eedem
1062 1209 1186 1289 requiro

117 1315 192 1375 quae
213 1295 313 1375 paullo
337 1306 414 1367 ente,
436 1295 602 1372 ministros
625 1294 793 1365 machinas,
812 1312 936 1356 omnem
966 1292 1058 1354 totius
1081 1294 1184 1374 operis

116 1379 353 1458 designationem
376 1388 464 1459 etque
487 1387 677 1458 apparatum:
709 1378 755 1438 sin
784 1379 840 1461 elia
864 1387 923 1451 est,
953 1397 1006 1445 cur
1021 1371 1186 1440 vmortalem

117 1465 222 1526 lecerit
243 1465 400 1536 mundum,
424 1483 497 1534 non,
522 1482 626 1542 queme
681 1463 771 1524 odum
792 1462 963 1539 Platonicus
986 1462 1076 1536 deus,
1105 1482 1186 1524 sem·

80 1547 277 1630 llpiternum.
321 1549 365 1609 Ab
387 1556 515 1627 utroque
538 1556 636 1609 autern
659 1547 812 1634 sciscitor,
843 1566 896 1608 our
917 1548 1020 1608 mundi
1043 1547 1186 1610 aedifice—
1273 1549 1304 1573 '⁶

70 1645 99 1696 21
115 1631 198 1696 tores
224 1640 348 1712 repente
383 1631 564 1706 exstiterint,
587 1632 815 1694 innumerabilia
845 1632 962 1693 saecule
991 1632 1180 1695 dormierint.
1319 1646 1320 1653 ¹

118 1816 248 1879 Mischuug
265 1815 314 1864 und
331 1813 494 1878 Verbindung
511 1817 557 1865 der
574 1816 632 1864 lirul
669 1814 803 1867 Vielleicht
820 1815 919 1866 schricb
934 1831 976 1866 er:
996 1821 1038 1870 red
1050 1820 1113 1869 utut
1128 1819 1186 1884 pol-

119 1884 298 1947 Gesteltuugcn
316 1883 362 1932 der
373 1882 495 1934 Meterie:
514 1883 628 1932 weshelb
669 1902 732 1936 mere
753 1894 792 1936 est.

118 1954 158 2003 die
171 1951 524 2015 herkdrnmlicheSchrcihung
541 1951 565 2000 in
585 1967 628 2000 uu·
704 1957 765 2018 quod
783 1956 929 2004 idem-ir.
967 1951 1050 2003 Ucher
1073 1950 1184 2015 dergici-
1218 2003 1221 2015 ,

117 2036 200 2073 serem
223 2019 290 2070 Text
313 2025 343 2071 od
366 2025 466 2072 animum
486 2023 629 2085 efficiendum
671 2017 942 2081 chenWiedcrholuug
960 2019 1003 2068 des
1021 2019 1187 2070 Demonstra-

118 2089 196 2139 lelsch
213 2088 255 2138 ist.
282 2086 333 2136 Das
350 2086 455 2150 richtige
474 2086 507 2136 ist
525 2091 627 2152 efficien—
670 2086 853 2152 tivprouomcns
867 2087 893 2136 in
906 2085 1079 2148 Gegensdtzcu
1096 2103 1117 2137 s.
1139 2103 1186 2157 un7
1286 2084 1292 2099 ”

117 2162 178 2210 dum·
225 2155 297 2205 Denn
320 2153 392 2203 Pluto
417 2161 483 2203 sctzt
506 2169 530 2218 p.
555 2156 588 2205 64
605 2153 646 2202 ΑΙ
670 2161 712 2204 ten
730 2171 760 2203 zu
778 2154 819 2213 tlt,
841 2156 881 2214 39,
901 2155 943 2207 93.

101 2226 191 2295 5-68
218 2221 245 2272 C.
272 2220 423 2271 eusliehrlich
450 2220 626 2276 euseinender,
701 2227 875 2288 myntologiem.
906 2218 983 2272 Nicht
999 2236 1054 2271 was
1068 2221 1137 2286 jetzt
1154 2237 1186 2272 so

116 2291 167 2342 wie
191 2289 231 2339 die
253 2288 447 2338 verschicdenen
464 2287 629 2338 Modilicatio÷
671 2297 779 2351 genennt
791 2289 865 2347 wird,
887 2290 994 2339 sondern
1006 2289 1046 2339 dio
1059 2286 1186 2340 Natur-

46 2351 50 2356 ’
117 2375 165 2409 neu
182 2359 232 2408 und
250 2356 410 2419 Mischungen
435 2357 481 2405 der
498 2356 627 2407 Elementa
670 2356 888 2429 philosophie.
918 2386 949 2396 ·-
976 2356 1114 2420 Uebrigens
1143 2373 1186 2408 er-
1212 2406 1218 2428 Ι,

116 2426 233 2491 gccignet
249 2424 426 2483 werden,=die
445 2424 627 2488 Sinuesorgene
670 2426 747 2475 heunt
774 2425 846 2476 Pleto
870 2423 965 2476 Timeo.
992 2441 1016 2492 p.
1036 2427 1066 2477 41
1090 2426 1186 2476 Audes
1264 2471 1290 2480 ..

116 2491 166 2544 und
188 2492 281 2543 mittels
312 2493 399 2542 dieser
425 2491 465 2541 die
490 2491 562 2541 Scele
586 2488 627 2553 (td
672 2491 776 2551 Ge'setz,
809 2495 899 2542 dessen
924 2491 1044 2543 Unlruudc
1069 2492 1186 2544 Velleius

117 2556 258 2631 φρόνιμον
280 2576 304 2626 p.
331 2562 368 2612 64
389 2560 427 2622 B.)
454 2575 485 2608 zu
515 2559 628 2613 elliciren
670 2560 719 2609 ihm
732 2560 857 2619 vorwirlt,
874 2560 1047 2610 eusdraiclrlich
1059 2575 1104 2618 an;
1121 2560 1186 2612 eber

19 2637 22 2645 “
118 2631 268 2690 uelleretur,
289 2628 352 2677 dh.
365 2627 560 2693 Empfindungen
573 2628 628 2677 her·
671 2643 700 2677 er
717 2627 827 2677 schreibt
842 2628 898 2676 dcm
911 2628 1104 2686 hdohstanoth
1126 2629 1183 2678 dem

116 2696 307 2758 vorzubringen.
324 2723 354 2734 -
373 2700 458 2748 Sensus
474 2695 541 2744 nicht
556 2693 628 2744 Sin·
671 2694 875 2761 Wcltsohdplcr,
899 2695 939 2744 die
958 2696 1042 2747 Macht
1060 2713 1104 2755 zu,
1126 2696 1185 2746 dem

84 2808 94 2821 .,
118 2781 162 2824 ne,
184 2763 628 2829 sondernEmplindungeuhier
671 2761 849 2813 Gcscheffeneu
874 2763 984 2813 deunoch
1011 2765 1092 2827 ewige
1110 2764 1185 2814 Fort-

9 2862 14 2875 ι
117 2833 168 2885 wie
185 2832 229 2890 oft,
251 2831 390 2894 vgl.Aeed.
411 2830 428 2888 l,
451 2833 488 2888 ll,
501 2833 547 2882 40:
567 2835 626 2882 Zeno
670 2831 750 2881 deuer
767 2846 797 2880 zu
816 2832 959 2894 gewdhren.
1053 2874 1055 2880 ,

117 2905 198 2954 censet
212 2901 266 2952 ‘esse
284 2905 371 2952 censuit
388 2918 402 2950 c
420 2904 520 2965 quedem
543 2902 627 2965 impul·
704 2903 760 2965 quid
778 2903 921 2951 eet-nihil
933 2904 963 2951 sit
975 2905 1117 2952 eclremum?
1134 2897 1185 2948 Die

117 2974 181 3021 sione
199 2972 277 3020 obluta
294 2972 444 3018 extrinsecus.
670 2966 759 3028 Frage,
777 2965 976 3028 einerNegatiou
990 2966 1179 3039 gleichgeltcnd,

151 3040 243 3098 loegum
266 3043 298 3086 est
322 3038 352 3086 ed
375 3039 458 3086 omnio.
479 3028 540 3082 'uie
564 3035 628 3083 Aus-
670 3035 729 3097 geht
745 3034 876 3098 cigentlich
896 3050 943 3084 nur
960 3035 1065 3084 auidas
1090 3034 1186 3083 zweite

116 3101 219 3163 lassung
234 3117 282 3150 von
301 3106 388 3164 dicere,
416 3101 465 3150 wie
485 3099 561 3150 Tusc.
582 3100 622 3160 ill,
669 3107 736 3154 cuiue
753 3107 812 3154 nihil
830 3107 860 3154 sit
878 3113 1017 3154 extremum:
1038 3100 1083 3150 des
1101 3107 1178 3158 erste,

120 3172 158 3228 18,
185 3172 231 3221 40:
259 3173 299 3220 ced
322 3187 368 3220 non
396 3187 488 3221 necesse
511 3179 545 3220 est
567 3188 648 3221 nunes
670 3175 735 3221 cuius
759 3174 897 3236 principium
920 3172 1016 3234 aliquod
1040 3173 1083 3230 sit,
1112 3167 1184 3229 gicht

117 3241 201 3300 omnio,
221 3237 270 3285 und
280 3242 357 3298 ,sonst
374 3235 448 3303 ditor.
459 3264 490 3272 -
502 3241 628 3303 udoliquid
671 3238 718 3285 den
731 3236 785 3286 roll
796 3251 835 3292 en.
852 3237 877 3285 in
890 3235 1010 3286 welchcm
1021 3235 1082 3299 jcne
1099 3236 1185 3298 mage

117 3309 193 3356 dicere
222 3318 301 3367 gegen
324 3311 404 3353 etwas
430 3304 557 3370 sprechen.
596 3303 627 3352 de
670 3305 806 3354 statilinde.
833 3305 869 3355 Es
886 3304 977 3354 ko'nnte
996 3302 1049 3353 also
1063 3305 1126 3353 auch
1139 3318 1186 3366 go-

116 3371 198 3424 nutu.
219 3371 249 3429 ΙΙ,
276 3373 299 3428 3,
317 3373 345 3422 8:
373 3376 493 3423 dicendum
516 3381 549 3423 eet
571 3376 628 3423 mihi
669 3372 878 3431 schrichensejn:
894 3376 1009 3438 grucel,
1023 3376 1097 3434 cuius,
1112 3390 1185 3438 guum

116 3444 148 3493 ud
165 3458 205 3502 eu,
231 3458 289 3505 gone
311 3458 325 3491 a
348 3449 369 3490 te
394 3443 533 3491 dictasunt.
566 3435 624 3501 Vgt.
667 3446 806 3507 principium
830 3444 925 3506 aliquod
942 3444 986 3503 sit,
1014 3444 1073 3492 nihil
1091 3445 1121 3492 eit
1140 3457 1182 3492 ee-

116 3514 193 3565 uuten
210 3506 241 3564 ll,
264 3509 286 3563 t,
310 3509 331 3556 l.
518 3548 533 3564 ,
670 3515 783 3561 tremum?
801 3509 884 3558 Uebcr
901 3506 970 3557 diese
989 3522 1067 3569 genzo
1075 3509 1123 3558 Art
1132 3522 1182 3556 von

151 3577 191 3626 20.
212 3580 252 3627 red
270 3577 313 3625 ille
328 3578 454 3639 putareris:
480 3573 622 3632 derPelme,
670 3574 832 3636 Setzhildung
855 3592 875 3626 s.
903 3583 978 3625 umen
1002 3591 1033 3627 zu
1049 3591 1070 3624 c.
1092 3578 1115 3632 9,
1138 3576 1182 3626 23.

117 3643 141 3691 d.
161 3643 184 3691 h.
206 3643 249 3692 des
268 3641 437 3706 Siegspreises
455 3643 550 3698 werth;
577 3642 627 3690 iro·
702 3641 1184 3707 manutenementumvgteulituus,

117 3709 199 3768 hisch,
229 3709 279 3759 wie
303 3709 355 3758 sich
379 3709 498 3758 verstcht.
526 3735 558 3746 -
589 3709 626 3758 Ob
665 3733 668 3739 ·
703 3705 735 3764 ΙΙ.
755 3712 795 3761 tt.
820 3715 852 3764 nt
878 3722 989 3779 utroque,
1015 3711 1038 3761 d.
1066 3713 1089 3761 h.
1110 3725 1127 3760 e
1143 3718 1182 3767 to,

90 3822 94 3832 .
116 3777 234 3840 subrigens
253 3777 280 3826 C.
309 3776 424 3827 wirldich
449 3791 482 3825 so
501 3776 627 3838 geschrie-
668 3774 756 3834 Lucili,
778 3785 804 3828 et
821 3793 837 3828 e
853 3777 965 3829 Platone.

114 3844 163 3895 heu
182 3846 231 3894 und
255 3844 329 3893 dehei
354 3859 399 3895 eus
418 3842 442 3910 ᾗ.
466 3845 496 3896 18
515 3849 627 3896 sententio
702 3850 846 3899 exstiterint:
858 3848 998 3914 prodierint
1008 3846 1185 3897 edeedillcen-

112 3913 297 3976 hinzugedacht
314 3912 384 3971 habe,
409 3911 443 3962 ist
455 3910 623 3963 zweilelhel't.
668 3912 733 3962 dum.
