<?xml version="1.0" encoding="UTF-8"?>
<!DOCTYPE html PUBLIC "-//W3C//DTD XHTML 1.0 Transitional//EN"
    "http://www.w3.org/TR/xhtml1/DTD/xhtml1-transitional.dtd">
<html xmlns="http://www.w3.org/1999/xhtml" xml:lang="en" lang="en">
 <head>
  <title>
</title>
<meta http-equiv="Content-Type" content="text/html;charset=utf-8" />
  <meta name='ocr-system' content='tesseract 3.04.00' />
  <meta name='ocr-capabilities' content='ocr_page ocr_carea ocr_par ocr_line ocrx_word'/>
</head>
<body>
  <div class='ocr_page' id='page_1' title='image "./mtulliciceronis07cicegoog/mtulliciceronis07cicegoog_0212.png"; bbox 0 0 2640 4418; ppageno 0'>
   <div class='ocr_carea' id='block_1_1' title="bbox 385 326 1172 401">
    <p class='ocr_par' dir='ltr' id='par_1_1' title="bbox 385 326 1172 401">
     <span class='ocr_line' id='line_1_1' title="bbox 385 326 1172 401; baseline 0.006 -20"><span class='ocrx_word' id='word_1_1' title='bbox 385 370 388 381; x_wconf 76' lang='grc'><strong><em>,</em></strong></span> <span class='ocrx_word' id='word_1_2' title='bbox 479 332 821 388; x_wconf 72' lang='lat' dir='ltr'>Ltss.&#39;111.CAP.12.13.</span> <span class='ocrx_word' id='word_1_3' title='bbox 881 387 885 401; x_wconf 79' lang='grc'><em>,</em></span> <span class='ocrx_word' id='word_1_4' title='bbox 947 339 953 379; x_wconf 73' lang='lat' dir='ltr'>t</span> <span class='ocrx_word' id='word_1_5' title='bbox 1113 326 1172 387; x_wconf 82' lang='lat'>201</span> 
     </span>
    </p>
   </div>
   <div class='ocr_carea' id='block_1_2' title="bbox 64 489 1270 2765">
    <p class='ocr_par' dir='ltr' id='par_1_2' title="bbox 64 489 1270 2765">
     <span class='ocr_line' id='line_1_2' title="bbox 111 489 1175 570; baseline -0.001 -17"><span class='ocrx_word' id='word_1_6' title='bbox 111 502 166 554; x_wconf 87' lang='lat' dir='ltr'>est.</span> <span class='ocrx_word' id='word_1_7' title='bbox 201 492 287 570; x_wconf 82' lang='lat' dir='ltr'>&#39;Ergo</span> <span class='ocrx_word' id='word_1_8' title='bbox 311 491 429 565; x_wconf 84' lang='lat' dir='ltr'>itidem,</span> <span class='ocrx_word' id='word_1_9' title='bbox 463 489 490 550; x_wconf 87' lang='lat' dir='ltr'>si</span> <span class='ocrx_word' id='word_1_10' title='bbox 518 508 607 555; x_wconf 84' lang='lat' dir='ltr'>omne</span> <span class='ocrx_word' id='word_1_11' title='bbox 635 489 743 551; x_wconf 87' lang='lat' dir='ltr'>animal</span> <span class='ocrx_word' id='word_1_12' title='bbox 771 490 868 552; x_wconf 86' lang='lat' dir='ltr'>eeoari</span> <span class='ocrx_word' id='word_1_13' title='bbox 895 509 930 552; x_wconf 87' lang='lat' dir='ltr'>ao</span> <span class='ocrx_word' id='word_1_14' title='bbox 953 490 1044 552; x_wconf 84' lang='lat' dir='ltr'>dividi</span> <span class='ocrx_word' id='word_1_15' title='bbox 1066 498 1175 569; x_wconf 87' lang='lat' dir='ltr'>potest,</span> 
     </span>
     <span class='ocr_line' id='line_1_3' title="bbox 109 574 1176 654; baseline -0.001 -16"><span class='ocrx_word' id='word_1_16' title='bbox 109 577 223 638; x_wconf 89' lang='lat' dir='ltr'>nullum</span> <span class='ocrx_word' id='word_1_17' title='bbox 246 585 292 636; x_wconf 87' lang='lat' dir='ltr'>est</span> <span class='ocrx_word' id='word_1_18' title='bbox 313 593 424 636; x_wconf 88' lang='lat' dir='ltr'>eorum</span> <span class='ocrx_word' id='word_1_19' title='bbox 438 574 632 648; x_wconf 87' lang='lat' dir='ltr'>individuum,</span> <span class='ocrx_word' id='word_1_20' title='bbox 655 575 768 635; x_wconf 87' lang='lat' dir='ltr'>nullum</span> <span class='ocrx_word' id='word_1_21' title='bbox 791 583 953 637; x_wconf 87' lang='lat' dir='ltr'>aeteruum.</span> <span class='ocrx_word' id='word_1_22' title='bbox 982 576 1072 654; x_wconf 81' lang='lat' dir='ltr'><strong>Atqui</strong></span> <span class='ocrx_word' id='word_1_23' title='bbox 1088 594 1176 637; x_wconf 84' lang='lat' dir='ltr'>omne</span> 
     </span>
     <span class='ocr_line' id='line_1_4' title="bbox 110 656 1175 739; baseline 0 -17"><span class='ocrx_word' id='word_1_24' title='bbox 110 661 222 725; x_wconf 89' lang='lat' dir='ltr'>animal</span> <span class='ocrx_word' id='word_1_25' title='bbox 253 660 294 721; x_wconf 84' lang='lat' dir='ltr'>ad·</span> <span class='ocrx_word' id='word_1_26' title='bbox 318 659 524 739; x_wconf 77' lang='lat' dir='ltr'>arripiendam</span> <span class='ocrx_word' id='word_1_27' title='bbox 552 658 615 731; x_wconf 46' lang='lat' dir='ltr'>vim,</span> <span class='ocrx_word' id='word_1_28' title='bbox 640 668 790 720; x_wconf 78' lang='lat' dir='ltr'>externam</span> <span class='ocrx_word' id='word_1_29' title='bbox 813 668 844 720; x_wconf 91' lang='lat' dir='ltr'>et</span> <span class='ocrx_word' id='word_1_30' title='bbox 865 660 1019 722; x_wconf 82' lang='lat' dir='ltr'>ferendam</span> <span class='ocrx_word' id='word_1_31' title='bbox 1040 656 1175 738; x_wconf 80' lang='lat' dir='ltr'>paratum</span> 
     </span>
     <span class='ocr_line' id='line_1_5' title="bbox 73 743 1177 821; baseline -0.001 -15"><span class='ocrx_word' id='word_1_32' title='bbox 73 811 80 818; x_wconf 62' lang='grc'><strong><em>,</em></strong></span> <span class='ocrx_word' id='word_1_33' title='bbox 110 753 173 815; x_wconf 67' lang='lat' dir='ltr'>est:</span> <span class='ocrx_word' id='word_1_34' title='bbox 205 744 329 807; x_wconf 79' lang='lat' dir='ltr'>mortale</span> <span class='ocrx_word' id='word_1_35' title='bbox 354 743 447 821; x_wconf 83' lang='lat' dir='ltr'>igitur</span> <span class='ocrx_word' id='word_1_36' title='bbox 475 762 564 805; x_wconf 84' lang='lat' dir='ltr'>omne</span> <span class='ocrx_word' id='word_1_37' title='bbox 587 743 696 805; x_wconf 89' lang='lat' dir='ltr'>animal</span> <span class='ocrx_word' id='word_1_38' title='bbox 725 754 754 805; x_wconf 87' lang='lat' dir='ltr'>el</span> <span class='ocrx_word' id='word_1_39' title='bbox 776 743 952 818; x_wconf 70' lang='lat' dir='ltr'>dissolubile</span> <span class='ocrx_word' id='word_1_40' title='bbox 974 753 1004 807; x_wconf 87' lang='lat' dir='ltr'>et</span> <span class='ocrx_word' id='word_1_41' title='bbox 1025 745 1177 806; x_wconf 88' lang='lat' dir='ltr'>dividuum</span> 
     </span>
     <span class='ocr_line' id='line_1_6' title="bbox 108 827 1220 906; baseline 0 -16"><span class='ocrx_word' id='word_1_42' title='bbox 108 831 151 891; x_wconf 84' lang='lat' dir='ltr'>sit</span> <span class='ocrx_word' id='word_1_43' title='bbox 170 848 304 891; x_wconf 83' lang='lat' dir='ltr'>neeesse</span> <span class='ocrx_word' id='word_1_44' title='bbox 319 838 373 890; x_wconf 88' lang='lat' dir='ltr'>est.</span> <span class='ocrx_word' id='word_1_45' title='bbox 410 829 448 890; x_wconf 90' lang='lat' dir='ltr'>Ut</span> <span class='ocrx_word' id='word_1_46' title='bbox 470 828 559 901; x_wconf 90' lang='lat' dir='ltr'>enim,</span> <span class='ocrx_word' id='word_1_47' title='bbox 583 828 609 888; x_wconf 89' lang='lat' dir='ltr'>si</span> <span class='ocrx_word' id='word_1_48' title='bbox 632 827 729 889; x_wconf 89' lang='lat' dir='ltr'>omnis</span> <span class='ocrx_word' id='word_1_49' title='bbox 753 846 821 906; x_wconf 77' lang='lat' dir='ltr'>cera</span> <span class='ocrx_word' id='word_1_50' title='bbox 844 829 1061 890; x_wconf 84' lang='lat' dir='ltr'>commutabilis</span> <span class='ocrx_word' id='word_1_51' title='bbox 1085 837 1174 903; x_wconf 85' lang='lat' dir='ltr'>esset,</span> <span class='ocrx_word' id='word_1_52' title='bbox 1190 839 1220 890; x_wconf 81' lang='lat'>30</span> 
     </span>
     <span class='ocr_line' id='line_1_7' title="bbox 110 913 1178 992; baseline -0.001 -17"><span class='ocrx_word' id='word_1_53' title='bbox 110 913 186 975; x_wconf 86' lang='lat' dir='ltr'>nihil</span> <span class='ocrx_word' id='word_1_54' title='bbox 208 921 288 976; x_wconf 86' lang='lat' dir='ltr'>esset</span> <span class='ocrx_word' id='word_1_55' title='bbox 309 931 444 985; x_wconf 84' lang='lat' dir='ltr'>cereum,</span> <span class='ocrx_word' id='word_1_56' title='bbox 474 913 554 991; x_wconf 89' lang='lat' dir='ltr'>quod</span> <span class='ocrx_word' id='word_1_57' title='bbox 577 913 752 973; x_wconf 84' lang='lat' dir='ltr'>commutari</span> <span class='ocrx_word' id='word_1_58' title='bbox 774 932 835 974; x_wconf 86' lang='lat' dir='ltr'>noo</span> <span class='ocrx_word' id='word_1_59' title='bbox 856 921 977 992; x_wconf 81' lang='lat' dir='ltr'>posset3</span> <span class='ocrx_word' id='word_1_60' title='bbox 1008 914 1079 975; x_wconf 87' lang='lat' dir='ltr'>item</span> <span class='ocrx_word' id='word_1_61' title='bbox 1102 914 1178 975; x_wconf 87' lang='lat' dir='ltr'>nihil</span> 
     </span>
     <span class='ocr_line' id='line_1_8' title="bbox 112 997 1177 1074; baseline 0 -14"><span class='ocrx_word' id='word_1_62' title='bbox 112 1008 300 1074; x_wconf 83' lang='lat' dir='ltr'>argenteum,</span> <span class='ocrx_word' id='word_1_63' title='bbox 334 997 409 1058; x_wconf 90' lang='lat' dir='ltr'>nihil</span> <span class='ocrx_word' id='word_1_64' title='bbox 432 1016 568 1071; x_wconf 85' lang='lat' dir='ltr'>aereum,</span> <span class='ocrx_word' id='word_1_65' title='bbox 602 998 629 1058; x_wconf 91' lang='lat' dir='ltr'>si</span> <span class='ocrx_word' id='word_1_66' title='bbox 658 997 878 1058; x_wconf 82' lang='lat' dir='ltr'>commutabilis</span> <span class='ocrx_word' id='word_1_67' title='bbox 900 1007 980 1058; x_wconf 87' lang='lat' dir='ltr'>essol</span> <span class='ocrx_word' id='word_1_68' title='bbox 1002 1011 1107 1059; x_wconf 84' lang='lat' dir='ltr'>natura</span> <span class='ocrx_word' id='word_1_69' title='bbox 1129 1018 1177 1060; x_wconf 89' lang='lat' dir='ltr'>ar·</span> 
     </span>
     <span class='ocr_line' id='line_1_9' title="bbox 110 1081 1177 1162; baseline -0.001 -18"><span class='ocrx_word' id='word_1_70' title='bbox 110 1084 191 1162; x_wconf 85' lang='lat' dir='ltr'>genti</span> <span class='ocrx_word' id='word_1_71' title='bbox 214 1092 244 1144; x_wconf 86' lang='lat' dir='ltr'>et</span> <span class='ocrx_word' id='word_1_72' title='bbox 265 1083 353 1143; x_wconf 88' lang='lat' dir='ltr'>aeris.</span> <span class='ocrx_word' id='word_1_73' title='bbox 398 1081 544 1142; x_wconf 85' lang='lat' dir='ltr'>Similiter</span> <span class='ocrx_word' id='word_1_74' title='bbox 565 1081 664 1160; x_wconf 84' lang='lat' dir='ltr'>igitur,</span> <span class='ocrx_word' id='word_1_75' title='bbox 687 1082 714 1142; x_wconf 90' lang='lat' dir='ltr'>si</span> <span class='ocrx_word' id='word_1_76' title='bbox 736 1082 851 1154; x_wconf 88' lang='lat' dir='ltr'>omnia,</span> <span class='ocrx_word' id='word_1_77' title='bbox 873 1081 957 1160; x_wconf 86' lang='lat' dir='ltr'>&#39;quae</span> <span class='ocrx_word' id='word_1_78' title='bbox 979 1091 1049 1143; x_wconf 86' lang='lat' dir='ltr'>sunt</span> <span class='ocrx_word' id='word_1_79' title='bbox 1070 1103 1087 1145; x_wconf 86' lang='lat' dir='ltr'>e</span> <span class='ocrx_word' id='word_1_80' title='bbox 1111 1083 1177 1162; x_wconf 93' lang='lat' dir='ltr'>qui-</span> 
     </span>
     <span class='ocr_line' id='line_1_10' title="bbox 109 1167 1178 1261; baseline -0.001 -32"><span class='ocrx_word' id='word_1_81' title='bbox 109 1168 166 1229; x_wconf 90' lang='lat' dir='ltr'>bus</span> <span class='ocrx_word' id='word_1_82' title='bbox 199 1176 313 1261; x_wconf 68' lang='lat' dir='ltr'>cuneta</span> <span class='ocrx_word' id='word_1_83' title='bbox 334 1175 488 1240; x_wconf 83' lang='lat' dir='ltr'><strong>constant,</strong></span> <span class='ocrx_word' id='word_1_84' title='bbox 520 1167 675 1228; x_wconf 82' lang='lat' dir='ltr'>mutabilia</span> <span class='ocrx_word' id='word_1_85' title='bbox 709 1175 792 1227; x_wconf 89' lang='lat' dir='ltr'>suut:</span> <span class='ocrx_word' id='word_1_86' title='bbox 829 1167 943 1229; x_wconf 90' lang='lat' dir='ltr'>nullum</span> <span class='ocrx_word' id='word_1_87' title='bbox 970 1186 1079 1246; x_wconf 88' lang='lat' dir='ltr'>corpus</span> <span class='ocrx_word' id='word_1_88' title='bbox 1110 1186 1178 1228; x_wconf 87' lang='lat' dir='ltr'>esse</span> 
     </span>
     <span class='ocr_line' id='line_1_11' title="bbox 108 1250 1240 1332; baseline -0.002 -18"><span class='ocrx_word' id='word_1_89' title='bbox 108 1261 208 1332; x_wconf 86' lang='lat' dir='ltr'>potest</span> <span class='ocrx_word' id='word_1_90' title='bbox 230 1270 292 1313; x_wconf 89' lang='lat' dir='ltr'>uon</span> <span class='ocrx_word' id='word_1_91' title='bbox 313 1251 465 1312; x_wconf 89' lang='lat' dir='ltr'>mutabile.</span> <span class='ocrx_word' id='word_1_92' title='bbox 509 1251 787 1313; x_wconf 81' lang='lat' dir='ltr'>Mutabilia&#39;autom</span> <span class='ocrx_word' id='word_1_93' title='bbox 816 1251 978 1322; x_wconf 82' lang='lat' dir='ltr'>sentilla,</span> <span class='ocrx_word' id='word_1_94' title='bbox 1012 1251 1178 1330; x_wconf 83' lang='lat' dir='ltr'>exquibus</span> <span class='ocrx_word' id='word_1_95' title='bbox 1235 1250 1240 1254; x_wconf 79' lang='grc'><em>’</em></span> 
     </span>
     <span class='ocr_line' id='line_1_12' title="bbox 64 1335 1179 1416; baseline -0.002 -18"><span class='ocrx_word' id='word_1_96' title='bbox 64 1369 70 1381; x_wconf 76' lang='lat'>=</span> <span class='ocrx_word' id='word_1_97' title='bbox 110 1338 212 1405; x_wconf 88' lang='lat' dir='ltr'>omnia</span> <span class='ocrx_word' id='word_1_98' title='bbox 234 1346 389 1416; x_wconf 77' lang='lat' dir='ltr'>coustant,</span> <span class='ocrx_word' id='word_1_99' title='bbox 413 1343 446 1395; x_wconf 89' lang='lat' dir='ltr'>ut</span> <span class='ocrx_word' id='word_1_100' title='bbox 466 1335 550 1396; x_wconf 91' lang='lat' dir='ltr'>vobis</span> <span class='ocrx_word' id='word_1_101' title='bbox 573 1337 706 1413; x_wconf 85' lang='lat' dir='ltr'>videtur:</span> <span class='ocrx_word' id='word_1_102' title='bbox 730 1354 817 1396; x_wconf 89' lang='lat' dir='ltr'>omne</span> <span class='ocrx_word' id='word_1_103' title='bbox 840 1336 929 1413; x_wconf 79' lang='lat' dir='ltr'>igitur</span> <span class='ocrx_word' id='word_1_104' title='bbox 950 1354 1059 1414; x_wconf 82' lang='lat' dir='ltr'>eorpus</span> <span class='ocrx_word' id='word_1_105' title='bbox 1082 1344 1179 1397; x_wconf 77' lang='lat' dir='ltr'>muta⁴</span> 
     </span>
     <span class='ocr_line' id='line_1_13' title="bbox 109 1420 1179 1500; baseline -0.003 -17"><span class='ocrx_word' id='word_1_106' title='bbox 109 1422 169 1483; x_wconf 89' lang='lat' dir='ltr'>bile</span> <span class='ocrx_word' id='word_1_107' title='bbox 193 1428 249 1480; x_wconf 84' lang='lat' dir='ltr'>est.</span> <span class='ocrx_word' id='word_1_108' title='bbox 292 1421 330 1480; x_wconf 85' lang='lat' dir='ltr'>At</span> <span class='ocrx_word' id='word_1_109' title='bbox 359 1420 385 1480; x_wconf 90' lang='lat' dir='ltr'>si</span> <span class='ocrx_word' id='word_1_110' title='bbox 414 1430 496 1491; x_wconf 82' lang='lat' dir='ltr'>esset</span> <span class='ocrx_word' id='word_1_111' title='bbox 518 1440 626 1500; x_wconf 83' lang='lat' dir='ltr'>eorpus</span> <span class='ocrx_word' id='word_1_112' title='bbox 649 1421 771 1500; x_wconf 78' lang='lat' dir='ltr'>aliquod</span> <span class='ocrx_word' id='word_1_113' title='bbox 794 1421 979 1493; x_wconf 79' lang='lat' dir='ltr'>immortale,</span> <span class='ocrx_word' id='word_1_114' title='bbox 1013 1438 1074 1481; x_wconf 89' lang='lat' dir='ltr'>uon</span> <span class='ocrx_word' id='word_1_115' title='bbox 1097 1426 1179 1481; x_wconf 86' lang='lat' dir='ltr'>esset</span> 
     </span>
     <span class='ocr_line' id='line_1_14' title="bbox 110 1503 1270 1584; baseline 0 -20"><span class='ocrx_word' id='word_1_116' title='bbox 110 1522 199 1564; x_wconf 89' lang='lat' dir='ltr'>omne</span> <span class='ocrx_word' id='word_1_117' title='bbox 230 1503 387 1568; x_wconf 81' lang='lat' dir='ltr'>mutabile:</span> <span class='ocrx_word' id='word_1_118' title='bbox 425 1505 466 1564; x_wconf 88' lang='lat' dir='ltr'>ita</span> <span class='ocrx_word' id='word_1_119' title='bbox 494 1505 638 1577; x_wconf 82' lang='lat' dir='ltr'>eflicitur,</span> <span class='ocrx_word' id='word_1_120' title='bbox 673 1513 704 1566; x_wconf 91' lang='lat' dir='ltr'>ut</span> <span class='ocrx_word' id='word_1_121' title='bbox 733 1523 821 1566; x_wconf 87' lang='lat' dir='ltr'>omne</span> <span class='ocrx_word' id='word_1_122' title='bbox 850 1524 959 1584; x_wconf 88' lang='lat' dir='ltr'>corpus</span> <span class='ocrx_word' id='word_1_123' title='bbox 981 1504 1106 1565; x_wconf 86' lang='lat' dir='ltr'>mortale</span> <span class='ocrx_word' id='word_1_124' title='bbox 1128 1504 1178 1565; x_wconf 85' lang='lat' dir='ltr'>sit.</span> <span class='ocrx_word' id='word_1_125' title='bbox 1268 1575 1270 1578; x_wconf 10' lang='grc' dir='ltr'><em>Α</em></span> 
     </span>
     <span class='ocr_line' id='line_1_15' title="bbox 109 1588 1179 1667; baseline 0 -18"><span class='ocrx_word' id='word_1_126' title='bbox 109 1588 344 1650; x_wconf 85' lang='lat' dir='ltr'>Etenimomne</span> <span class='ocrx_word' id='word_1_127' title='bbox 361 1606 483 1667; x_wconf 69' lang='lat' dir='ltr'>eorpus</span> <span class='ocrx_word' id='word_1_128' title='bbox 512 1598 562 1650; x_wconf 90' lang='lat' dir='ltr'>aut</span> <span class='ocrx_word' id='word_1_129' title='bbox 589 1607 665 1667; x_wconf 84' lang='lat' dir='ltr'>aqua</span> <span class='ocrx_word' id='word_1_130' title='bbox 694 1598 744 1650; x_wconf 87' lang='lat' dir='ltr'>aut</span> <span class='ocrx_word' id='word_1_131' title='bbox 771 1608 831 1651; x_wconf 29' lang='lat' dir='ltr'>aer*</span> <span class='ocrx_word' id='word_1_132' title='bbox 850 1599 901 1651; x_wconf 90' lang='lat' dir='ltr'>aut</span> <span class='ocrx_word' id='word_1_133' title='bbox 927 1590 1005 1667; x_wconf 87' lang='lat' dir='ltr'>ignis</span> <span class='ocrx_word' id='word_1_134' title='bbox 1028 1598 1079 1650; x_wconf 87' lang='lat' dir='ltr'>aut</span> <span class='ocrx_word' id='word_1_135' title='bbox 1100 1598 1179 1650; x_wconf 88' lang='lat' dir='ltr'>terra</span> 
     </span>
     <span class='ocr_line' id='line_1_16' title="bbox 77 1672 1178 1754; baseline -0.001 -19"><span class='ocrx_word' id='word_1_136' title='bbox 77 1691 81 1703; x_wconf 82' lang='lat'>·</span> <span class='ocrx_word' id='word_1_137' title='bbox 111 1680 171 1747; x_wconf 86' lang='lat' dir='ltr'>est,</span> <span class='ocrx_word' id='word_1_138' title='bbox 202 1672 322 1745; x_wconf 83' lang='lat' dir='ltr'>antid,</span> <span class='ocrx_word' id='word_1_139' title='bbox 351 1673 431 1752; x_wconf 89' lang='lat' dir='ltr'>quod</span> <span class='ocrx_word' id='word_1_140' title='bbox 455 1680 501 1733; x_wconf 90' lang='lat' dir='ltr'>est</span> <span class='ocrx_word' id='word_1_141' title='bbox 524 1683 694 1734; x_wconf 83' lang='lat' dir='ltr'>concretum</span> <span class='ocrx_word' id='word_1_142' title='bbox 717 1691 752 1732; x_wconf 85' lang='lat' dir='ltr'>ex</span> <span class='ocrx_word' id='word_1_143' title='bbox 772 1674 820 1734; x_wconf 87' lang='lat' dir='ltr'>his</span> <span class='ocrx_word' id='word_1_144' title='bbox 843 1687 893 1734; x_wconf 83' lang='lat' dir='ltr'>aut</span> <span class='ocrx_word' id='word_1_145' title='bbox 916 1695 950 1736; x_wconf 85' lang='lat' dir='ltr'>ex</span> <span class='ocrx_word' id='word_1_146' title='bbox 972 1675 1071 1754; x_wconf 90' lang='lat' dir='ltr'>aliqua</span> <span class='ocrx_word' id='word_1_147' title='bbox 1093 1682 1178 1753; x_wconf 88' lang='lat' dir='ltr'>parte</span> 
     </span>
     <span class='ocr_line' id='line_1_17' title="bbox 110 1757 1219 1837; baseline 0 -19"><span class='ocrx_word' id='word_1_148' title='bbox 110 1776 224 1819; x_wconf 88' lang='lat' dir='ltr'>eorum.</span> <span class='ocrx_word' id='word_1_149' title='bbox 268 1757 382 1826; x_wconf 89' lang='lat' dir='ltr'>Horum</span> <span class='ocrx_word' id='word_1_150' title='bbox 403 1765 502 1819; x_wconf 81' lang='lat' dir='ltr'>autem</span> <span class='ocrx_word' id='word_1_151' title='bbox 524 1757 599 1837; x_wconf 86' lang='lat' dir='ltr'>nibil</span> <span class='ocrx_word' id='word_1_152' title='bbox 624 1766 684 1830; x_wconf 84' lang='lat' dir='ltr'>est,</span> <span class='ocrx_word' id='word_1_153' title='bbox 708 1757 780 1835; x_wconf 90' lang='lat' dir='ltr'>quin</span> <span class='ocrx_word' id='word_1_154' title='bbox 802 1759 936 1820; x_wconf 87' lang='lat' dir='ltr'>intereat.</span> <span class='ocrx_word' id='word_1_155' title='bbox 969 1759 1043 1819; x_wconf 91' lang='lat' dir='ltr'>Nam</span> <span class='ocrx_word' id='word_1_156' title='bbox 1066 1769 1096 1822; x_wconf 85' lang='lat' dir='ltr'>et</span> <span class='ocrx_word' id='word_1_157' title='bbox 1117 1766 1176 1818; x_wconf 90' lang='lat' dir='ltr'>ter·</span> <span class='ocrx_word' id='word_1_158' title='bbox 1191 1769 1219 1819; x_wconf 82' lang='lat'>31</span> 
     </span>
     <span class='ocr_line' id='line_1_18' title="bbox 108 1841 1177 1915; baseline 0.001 -13"><span class='ocrx_word' id='word_1_159' title='bbox 108 1860 214 1903; x_wconf 86' lang='lat' dir='ltr'>renum</span> <span class='ocrx_word' id='word_1_160' title='bbox 243 1860 330 1903; x_wconf 87' lang='lat' dir='ltr'>omne</span> <span class='ocrx_word' id='word_1_161' title='bbox 361 1841 519 1914; x_wconf 84' lang='lat' dir='ltr'>dividitur,</span> <span class='ocrx_word' id='word_1_162' title='bbox 557 1842 721 1903; x_wconf 62' lang='lat' dir='ltr'>et&#39;bumor</span> <span class='ocrx_word' id='word_1_163' title='bbox 748 1841 789 1902; x_wconf 84' lang='lat' dir='ltr'>ita</span> <span class='ocrx_word' id='word_1_164' title='bbox 818 1842 917 1902; x_wconf 92' lang='lat' dir='ltr'>mollis</span> <span class='ocrx_word' id='word_1_165' title='bbox 940 1851 1002 1915; x_wconf 86' lang='lat' dir='ltr'>est,</span> <span class='ocrx_word' id='word_1_166' title='bbox 1036 1851 1067 1902; x_wconf 92' lang='lat' dir='ltr'>ut</span> <span class='ocrx_word' id='word_1_167' title='bbox 1088 1843 1177 1904; x_wconf 85' lang='lat' dir='ltr'>&#39;facile</span> 
     </span>
     <span class='ocr_line' id='line_1_19' title="bbox 99 1925 1179 2006; baseline -0.002 -18"><span class='ocrx_word' id='word_1_168' title='bbox 99 1926 268 2004; x_wconf 63' lang='lat' dir='ltr'>‘comprimi</span> <span class='ocrx_word' id='word_1_169' title='bbox 290 1926 452 2005; x_wconf 87' lang='lat' dir='ltr'>collidique</span> <span class='ocrx_word' id='word_1_170' title='bbox 479 1927 593 2006; x_wconf 79' lang='lat' dir='ltr'>possit3</span> <span class='ocrx_word' id='word_1_171' title='bbox 627 1925 706 2002; x_wconf 86' lang='lat' dir='ltr'>iguis</span> <span class='ocrx_word' id='word_1_172' title='bbox 727 1944 797 1986; x_wconf 87' lang='lat' dir='ltr'>voro</span> <span class='ocrx_word' id='word_1_173' title='bbox 821 1934 850 1985; x_wconf 86' lang='lat' dir='ltr'>et</span> <span class='ocrx_word' id='word_1_174' title='bbox 871 1944 923 1986; x_wconf 88' lang='lat' dir='ltr'>aer</span> <span class='ocrx_word' id='word_1_175' title='bbox 945 1926 1025 1986; x_wconf 90' lang='lat' dir='ltr'>omni</span> <span class='ocrx_word' id='word_1_176' title='bbox 1047 1925 1179 2005; x_wconf 89' lang='lat' dir='ltr'>impulsu</span> 
     </span>
     <span class='ocr_line' id='line_1_20' title="bbox 109 2009 1176 2090; baseline 0.001 -19"><span class='ocrx_word' id='word_1_177' title='bbox 109 2011 251 2072; x_wconf 81' lang='lat' dir='ltr'>facillime</span> <span class='ocrx_word' id='word_1_178' title='bbox 272 2010 394 2089; x_wconf 90' lang='lat' dir='ltr'>pellitur</span> <span class='ocrx_word' id='word_1_179' title='bbox 417 2020 580 2090; x_wconf 86' lang='lat' dir='ltr'>naturaque</span> <span class='ocrx_word' id='word_1_180' title='bbox 603 2011 713 2081; x_wconf 83' lang='lat' dir='ltr'>cedens</span> <span class='ocrx_word' id='word_1_181' title='bbox 730 2019 776 2070; x_wconf 89' lang='lat' dir='ltr'>est</span> <span class='ocrx_word' id='word_1_182' title='bbox 789 2009 916 2070; x_wconf 89' lang='lat' dir='ltr'>maxime</span> <span class='ocrx_word' id='word_1_183' title='bbox 932 2022 962 2070; x_wconf 87' lang='lat' dir='ltr'>et</span> <span class='ocrx_word' id='word_1_184' title='bbox 977 2010 1176 2089; x_wconf 86' lang='lat' dir='ltr'>dissipabilis.</span> 
     </span>
     <span class='ocr_line' id='line_1_21' title="bbox 108 2095 1178 2173; baseline -0.001 -17"><span class='ocrx_word' id='word_1_185' title='bbox 108 2097 278 2170; x_wconf 84' lang='lat' dir='ltr'>Praeterea</span> <span class='ocrx_word' id='word_1_186' title='bbox 291 2095 389 2157; x_wconf 87' lang='lat' dir='ltr'>omnia</span> <span class='ocrx_word' id='word_1_187' title='bbox 412 2096 487 2157; x_wconf 87' lang='lat' dir='ltr'>baeo</span> <span class='ocrx_word' id='word_1_188' title='bbox 509 2105 571 2158; x_wconf 87' lang='lat' dir='ltr'>lum</span> <span class='ocrx_word' id='word_1_189' title='bbox 594 2095 754 2167; x_wconf 88' lang='lat' dir='ltr'>intereunt,</span> <span class='ocrx_word' id='word_1_190' title='bbox 778 2113 869 2173; x_wconf 90' lang='lat' dir='ltr'>quum</span> <span class='ocrx_word' id='word_1_191' title='bbox 891 2096 923 2154; x_wconf 90' lang='lat' dir='ltr'>iu</span> <span class='ocrx_word' id='word_1_192' title='bbox 939 2104 1073 2156; x_wconf 87' lang='lat' dir='ltr'>naturam</span> <span class='ocrx_word' id='word_1_193' title='bbox 1089 2095 1178 2156; x_wconf 90' lang='lat' dir='ltr'>aliam</span> 
     </span>
     <span class='ocr_line' id='line_1_22' title="bbox 110 2179 1179 2260; baseline -0.002 -18"><span class='ocrx_word' id='word_1_194' title='bbox 110 2188 336 2252; x_wconf 84' lang='lat' dir='ltr'>convertuntur,</span> <span class='ocrx_word' id='word_1_195' title='bbox 370 2181 450 2259; x_wconf 90' lang='lat' dir='ltr'>quod</span> <span class='ocrx_word' id='word_1_196' title='bbox 479 2182 528 2252; x_wconf 90' lang='lat' dir='ltr'>fit,</span> <span class='ocrx_word' id='word_1_197' title='bbox 563 2198 653 2260; x_wconf 91' lang='lat' dir='ltr'>quum</span> <span class='ocrx_word' id='word_1_198' title='bbox 677 2189 755 2240; x_wconf 87' lang='lat' dir='ltr'>terra</span> <span class='ocrx_word' id='word_1_199' title='bbox 780 2179 940 2258; x_wconf 90' lang='lat' dir='ltr'>inaquam</span> <span class='ocrx_word' id='word_1_200' title='bbox 964 2179 1125 2253; x_wconf 66' lang='lat' dir='ltr'>severtit3-</span> <span class='ocrx_word' id='word_1_201' title='bbox 1151 2187 1179 2241; x_wconf 86' lang='lat' dir='ltr'>et</span> 
     </span>
     <span class='ocr_line' id='line_1_23' title="bbox 111 2260 1178 2344; baseline -0.001 -19"><span class='ocrx_word' id='word_1_202' title='bbox 111 2284 200 2344; x_wconf 88' lang='lat' dir='ltr'>quum</span> <span class='ocrx_word' id='word_1_203' title='bbox 224 2285 259 2326; x_wconf 83' lang='lat' dir='ltr'>ex</span> <span class='ocrx_word' id='word_1_204' title='bbox 281 2284 357 2344; x_wconf 90' lang='lat' dir='ltr'>aqua</span> <span class='ocrx_word' id='word_1_205' title='bbox 381 2266 476 2325; x_wconf 88' lang='lat' dir='ltr'>oritur</span> <span class='ocrx_word' id='word_1_206' title='bbox 497 2275 609 2339; x_wconf 61' lang='lat' dir='ltr'>aem-et</span> <span class='ocrx_word' id='word_1_207' title='bbox 631 2283 721 2343; x_wconf 92' lang='lat' dir='ltr'>quum</span> <span class='ocrx_word' id='word_1_208' title='bbox 744 2271 870 2325; x_wconf 74' lang='lat' dir='ltr'>exedre</span> <span class='ocrx_word' id='word_1_209' title='bbox 893 2264 1005 2338; x_wconf 86' lang='lat' dir='ltr'>aether,</span> <span class='ocrx_word' id='word_1_210' title='bbox 1028 2260 1178 2343; x_wconf 71' lang='lat' dir='ltr'>quumque</span> 
     </span>
     <span class='ocr_line' id='line_1_24' title="bbox 111 2348 1181 2426; baseline -0.002 -16"><span class='ocrx_word' id='word_1_211' title='bbox 111 2349 216 2410; x_wconf 84' lang='lat' dir='ltr'>eadem</span> <span class='ocrx_word' id='word_1_212' title='bbox 249 2349 383 2426; x_wconf 85' lang='lat' dir='ltr'>vicissim</span> <span class='ocrx_word' id='word_1_213' title='bbox 411 2357 491 2410; x_wconf 90' lang='lat' dir='ltr'>retro</span> <span class='ocrx_word' id='word_1_214' title='bbox 516 2358 691 2413; x_wconf 89' lang='lat' dir='ltr'>commeant.</span> <span class='ocrx_word' id='word_1_215' title='bbox 738 2348 853 2420; x_wconf 87' lang='lat' dir='ltr'>Quodsi</span> <span class='ocrx_word' id='word_1_216' title='bbox 886 2367 919 2408; x_wconf 88' lang='lat' dir='ltr'>ea</span> <span class='ocrx_word' id='word_1_217' title='bbox 948 2349 1113 2421; x_wconf 87' lang='lat' dir='ltr'>intereunt,</span> <span class='ocrx_word' id='word_1_218' title='bbox 1145 2367 1181 2408; x_wconf 82' lang='lat' dir='ltr'>ox</span> 
     </span>
     <span class='ocr_line' id='line_1_25' title="bbox 112 2431 1179 2511; baseline -0.001 -18"><span class='ocrx_word' id='word_1_219' title='bbox 112 2433 219 2511; x_wconf 90' lang='lat' dir='ltr'>quibus</span> <span class='ocrx_word' id='word_1_220' title='bbox 242 2439 360 2493; x_wconf 82' lang='lat' dir='ltr'>constat</span> <span class='ocrx_word' id='word_1_221' title='bbox 382 2451 471 2492; x_wconf 92' lang='lat' dir='ltr'>omne</span> <span class='ocrx_word' id='word_1_222' title='bbox 494 2433 613 2505; x_wconf 89' lang='lat' dir='ltr'>animal,</span> <span class='ocrx_word' id='word_1_223' title='bbox 636 2432 749 2493; x_wconf 90' lang='lat' dir='ltr'>nullum</span> <span class='ocrx_word' id='word_1_224' title='bbox 768 2442 813 2493; x_wconf 89' lang='lat' dir='ltr'>est</span> <span class='ocrx_word' id='word_1_225' title='bbox 828 2432 938 2492; x_wconf 88' lang='lat' dir='ltr'>animal</span> <span class='ocrx_word' id='word_1_226' title='bbox 954 2431 1179 2510; x_wconf 87' lang='lat' dir='ltr'>sempiternum.</span> 
     </span>
     <span class='ocr_line' id='line_1_26' title="bbox 109 2513 1235 2597; baseline 0.005 -20"><span class='ocrx_word' id='word_1_227' title='bbox 109 2517 147 2578; x_wconf 81' lang='lat' dir='ltr'>lit</span> <span class='ocrx_word' id='word_1_228' title='bbox 169 2526 200 2577; x_wconf 92' lang='lat' dir='ltr'>ut</span> <span class='ocrx_word' id='word_1_229' title='bbox 222 2518 296 2577; x_wconf 87' lang='lat' dir='ltr'>baeo</span> <span class='ocrx_word' id='word_1_230' title='bbox 318 2516 505 2591; x_wconf 88' lang='lat' dir='ltr'>omittamus,</span> <span class='ocrx_word' id='word_1_231' title='bbox 529 2525 633 2587; x_wconf 77' lang='lat' dir='ltr'>tamen‘</span> <span class='ocrx_word' id='word_1_232' title='bbox 651 2516 759 2577; x_wconf 84' lang='lat' dir='ltr'>animal</span> <span class='ocrx_word' id='word_1_233' title='bbox 782 2517 895 2578; x_wconf 87' lang='lat' dir='ltr'>nullum</span> <span class='ocrx_word' id='word_1_234' title='bbox 917 2517 1044 2579; x_wconf 88' lang='lat' dir='ltr'>inveniri</span> <span class='ocrx_word' id='word_1_235' title='bbox 1067 2525 1176 2597; x_wconf 87' lang='lat' dir='ltr'>potest,</span> <span class='ocrx_word' id='word_1_236' title='bbox 1193 2513 1235 2583; x_wconf 84' lang='lat'>13</span> 
     </span>
     <span class='ocr_line' id='line_1_27' title="bbox 111 2602 1223 2682; baseline -0.002 -19"><span class='ocrx_word' id='word_1_237' title='bbox 111 2602 190 2681; x_wconf 85' lang='lat' dir='ltr'>quod</span> <span class='ocrx_word' id='word_1_238' title='bbox 213 2620 310 2680; x_wconf 87' lang='lat' dir='ltr'>neque</span> <span class='ocrx_word' id='word_1_239' title='bbox 333 2610 434 2662; x_wconf 88' lang='lat' dir='ltr'>natum</span> <span class='ocrx_word' id='word_1_240' title='bbox 456 2621 595 2682; x_wconf 86' lang='lat' dir='ltr'>umquam</span> <span class='ocrx_word' id='word_1_241' title='bbox 619 2602 658 2663; x_wconf 87' lang='lat' dir='ltr'>sit</span> <span class='ocrx_word' id='word_1_242' title='bbox 680 2611 710 2663; x_wconf 90' lang='lat' dir='ltr'>et</span> <span class='ocrx_word' id='word_1_243' title='bbox 725 2620 845 2681; x_wconf 84' lang='lat' dir='ltr'>semper</span> <span class='ocrx_word' id='word_1_244' title='bbox 859 2602 900 2662; x_wconf 87' lang='lat' dir='ltr'>sit</span> <span class='ocrx_word' id='word_1_245' title='bbox 914 2603 1056 2663; x_wconf 87' lang='lat' dir='ltr'>loturum.</span> <span class='ocrx_word' id='word_1_246' title='bbox 1083 2602 1178 2664; x_wconf 87' lang='lat' dir='ltr'>Omne</span> <span class='ocrx_word' id='word_1_247' title='bbox 1193 2611 1223 2661; x_wconf 82' lang='lat'>32</span> 
     </span>
     <span class='ocr_line' id='line_1_28' title="bbox 110 2686 1178 2765; baseline -0.001 -17"><span class='ocrx_word' id='word_1_248' title='bbox 110 2688 190 2749; x_wconf 87' lang='lat' dir='ltr'>enim</span> <span class='ocrx_word' id='word_1_249' title='bbox 213 2686 321 2748; x_wconf 91' lang='lat' dir='ltr'>animal</span> <span class='ocrx_word' id='word_1_250' title='bbox 344 2705 451 2763; x_wconf 65' lang='lat' dir='ltr'>sensus</span> <span class='ocrx_word' id='word_1_251' title='bbox 473 2687 573 2749; x_wconf 81' lang='lat' dir='ltr'>babet.</span> <span class='ocrx_word' id='word_1_252' title='bbox 611 2687 709 2748; x_wconf 87' lang='lat' dir='ltr'>Sentit</span> <span class='ocrx_word' id='word_1_253' title='bbox 730 2687 820 2765; x_wconf 82' lang='lat' dir='ltr'>igitur</span> <span class='ocrx_word' id='word_1_254' title='bbox 842 2699 871 2747; x_wconf 83' lang='lat' dir='ltr'>et</span> <span class='ocrx_word' id='word_1_255' title='bbox 893 2687 988 2748; x_wconf 84' lang='lat' dir='ltr'>calida</span> <span class='ocrx_word' id='word_1_256' title='bbox 1011 2697 1040 2748; x_wconf 89' lang='lat' dir='ltr'>et</span> <span class='ocrx_word' id='word_1_257' title='bbox 1061 2687 1178 2764; x_wconf 80' lang='lat' dir='ltr'>frigida,</span> 
     </span>
    </p>
   </div>
   <div class='ocr_carea' id='block_1_3' title="bbox 101 2819 1271 4035">
    <p class='ocr_par' dir='ltr' id='par_1_3' title="bbox 101 2819 1271 3834">
     <span class='ocr_line' id='line_1_29' title="bbox 144 2819 1176 2887; baseline -0.003 -16"><span class='ocrx_word' id='word_1_258' title='bbox 144 2822 185 2872; x_wconf 87' lang='lat'>30.</span> <span class='ocrx_word' id='word_1_259' title='bbox 207 2825 283 2872; x_wconf 79' lang='lat' dir='ltr'>omnio</span> <span class='ocrx_word' id='word_1_260' title='bbox 301 2838 359 2885; x_wconf 81' lang='lat' dir='ltr'>quoe</span> <span class='ocrx_word' id='word_1_261' title='bbox 377 2830 430 2871; x_wconf 81' lang='lat' dir='ltr'>sunt</span> <span class='ocrx_word' id='word_1_262' title='bbox 446 2839 457 2870; x_wconf 82' lang='lat' dir='ltr'>e</span> <span class='ocrx_word' id='word_1_263' title='bbox 472 2827 555 2887; x_wconf 78' lang='lat' dir='ltr'>quibus</span> <span class='ocrx_word' id='word_1_264' title='bbox 566 2839 622 2873; x_wconf 79' lang='lat' dir='ltr'>eura·</span> <span class='ocrx_word' id='word_1_265' title='bbox 665 2821 784 2870; x_wconf 80' lang='lat' dir='ltr'>zuodohst</span> <span class='ocrx_word' id='word_1_266' title='bbox 797 2819 1042 2882; x_wconf 28' lang='lat' dir='ltr'>*Verbergeheodem</span> <span class='ocrx_word' id='word_1_267' title='bbox 1070 2819 1176 2868; x_wconf 85' lang='lat' dir='ltr'>sondern</span> 
     </span>
     <span class='ocr_line' id='line_1_30' title="bbox 110 2884 1178 2949; baseline -0.003 -11"><span class='ocrx_word' id='word_1_268' title='bbox 110 2897 146 2939; x_wconf 85' lang='lat' dir='ltr'>eto</span> <span class='ocrx_word' id='word_1_269' title='bbox 170 2896 282 2939; x_wconf 78' lang='lat' dir='ltr'>coartant.</span> <span class='ocrx_word' id='word_1_270' title='bbox 316 2884 404 2936; x_wconf 86' lang='lat' dir='ltr'>Weuu</span> <span class='ocrx_word' id='word_1_271' title='bbox 429 2885 480 2935; x_wconf 86' lang='lat' dir='ltr'>Cio.</span> <span class='ocrx_word' id='word_1_272' title='bbox 506 2888 622 2936; x_wconf 87' lang='lat' dir='ltr'>wirldicb</span> <span class='ocrx_word' id='word_1_273' title='bbox 665 2887 705 2936; x_wconf 89' lang='lat' dir='ltr'>die</span> <span class='ocrx_word' id='word_1_274' title='bbox 724 2887 891 2949; x_wconf 76' lang='lat' dir='ltr'>Begrriudmrg</span> <span class='ocrx_word' id='word_1_275' title='bbox 908 2887 952 2936; x_wconf 87' lang='lat' dir='ltr'>des</span> <span class='ocrx_word' id='word_1_276' title='bbox 976 2886 1063 2936; x_wconf 84' lang='lat' dir='ltr'>sriiber</span> <span class='ocrx_word' id='word_1_277' title='bbox 1082 2884 1178 2948; x_wconf 83' lang='lat' dir='ltr'>Gesag-</span> 
     </span>
     <span class='ocr_line' id='line_1_31' title="bbox 106 2952 1128 3010; baseline 0.001 -7"><span class='ocrx_word' id='word_1_278' title='bbox 106 2970 139 3003; x_wconf 34' lang='lat' dir='ltr'>rso</span> <span class='ocrx_word' id='word_1_279' title='bbox 157 2952 264 3010; x_wconf 83' lang='lat' dir='ltr'>sobrieb,</span> <span class='ocrx_word' id='word_1_280' title='bbox 286 2966 313 3000; x_wconf 92' lang='lat' dir='ltr'>so</span> <span class='ocrx_word' id='word_1_281' title='bbox 331 2952 365 3001; x_wconf 77' lang='lat' dir='ltr'>ist</span> <span class='ocrx_word' id='word_1_282' title='bbox 382 2953 565 3003; x_wconf 79' lang='lat' dir='ltr'>root-uiobtals</span> <span class='ocrx_word' id='word_1_283' title='bbox 578 2954 623 3002; x_wconf 88' lang='lat' dir='ltr'>das</span> <span class='ocrx_word' id='word_1_284' title='bbox 665 2962 721 3003; x_wconf 85' lang='lat' dir='ltr'>tou:</span> <span class='ocrx_word' id='word_1_285' title='bbox 741 2957 863 3005; x_wconf 80' lang='lat' dir='ltr'>mutabilia</span> <span class='ocrx_word' id='word_1_286' title='bbox 880 2963 955 3005; x_wconf 82' lang='lat' dir='ltr'>autem</span> <span class='ocrx_word' id='word_1_287' title='bbox 972 2963 1024 3005; x_wconf 81' lang='lat' dir='ltr'>suot</span> <span class='ocrx_word' id='word_1_288' title='bbox 1045 2959 1128 3006; x_wconf 80' lang='lat' dir='ltr'>omnio.</span> 
     </span>
     <span class='ocr_line' id='line_1_32' title="bbox 110 3015 1179 3086; baseline 0.001 -15"><span class='ocrx_word' id='word_1_289' title='bbox 110 3020 223 3079; x_wconf 80' lang='lat' dir='ltr'>verbum·</span> <span class='ocrx_word' id='word_1_290' title='bbox 231 3018 394 3069; x_wconf 82' lang='lat' dir='ltr'>exsistentiae</span> <span class='ocrx_word' id='word_1_291' title='bbox 408 3019 457 3068; x_wconf 88' lang='lat' dir='ltr'>und</span> <span class='ocrx_word' id='word_1_292' title='bbox 475 3019 513 3069; x_wconf 91' lang='lat' dir='ltr'>als</span> <span class='ocrx_word' id='word_1_293' title='bbox 531 3035 623 3082; x_wconf 79' lang='lat' dir='ltr'>ganzes</span> <span class='ocrx_word' id='word_1_294' title='bbox 699 3015 745 3076; x_wconf 77' lang='lat'>13.</span> <span class='ocrx_word' id='word_1_295' title='bbox 767 3022 807 3071; x_wconf 84' lang='lat'>32.</span> <span class='ocrx_word' id='word_1_296' title='bbox 829 3025 896 3072; x_wconf 78' lang='lat' dir='ltr'>seratit</span> <span class='ocrx_word' id='word_1_297' title='bbox 921 3025 992 3086; x_wconf 65' lang='lat' dir='ltr'>ultor</span> <span class='ocrx_word' id='word_1_298' title='bbox 1011 3048 1041 3056; x_wconf 91' lang='lat'>-</span> <span class='ocrx_word' id='word_1_299' title='bbox 1062 3024 1140 3072; x_wconf 85' lang='lat' dir='ltr'>doleia</span> <span class='ocrx_word' id='word_1_300' title='bbox 1158 3031 1179 3072; x_wconf 84' lang='lat' dir='ltr'>et</span> 
     </span>
     <span class='ocr_line' id='line_1_33' title="bbox 111 3086 1175 3155; baseline -0.002 -15"><span class='ocrx_word' id='word_1_301' title='bbox 111 3088 230 3140; x_wconf 77' lang='lat' dir='ltr'>Pridioat</span> <span class='ocrx_word' id='word_1_302' title='bbox 252 3103 283 3136; x_wconf 89' lang='lat' dir='ltr'>zu</span> <span class='ocrx_word' id='word_1_303' title='bbox 310 3087 430 3136; x_wconf 79' lang='lat' dir='ltr'>nahmen:</span> <span class='ocrx_word' id='word_1_304' title='bbox 460 3086 524 3136; x_wconf 79' lang='lat' dir='ltr'>deora</span> <span class='ocrx_word' id='word_1_305' title='bbox 548 3093 624 3139; x_wconf 82' lang='lat' dir='ltr'>omnia</span> <span class='ocrx_word' id='word_1_306' title='bbox 666 3106 752 3139; x_wconf 85' lang='lat' dir='ltr'>omaro.</span> <span class='ocrx_word' id='word_1_307' title='bbox 790 3087 933 3137; x_wconf 87' lang='lat' dir='ltr'>Carneades</span> <span class='ocrx_word' id='word_1_308' title='bbox 952 3087 994 3136; x_wconf 88' lang='lat' dir='ltr'>bei</span> <span class='ocrx_word' id='word_1_309' title='bbox 1012 3087 1083 3138; x_wconf 85' lang='lat' dir='ltr'>Sext.</span> <span class='ocrx_word' id='word_1_310' title='bbox 1103 3087 1175 3155; x_wconf 85' lang='lat' dir='ltr'>Emp.</span> 
     </span>
     <span class='ocr_line' id='line_1_34' title="bbox 113 3149 1178 3224; baseline -0.004 -14"><span class='ocrx_word' id='word_1_311' title='bbox 113 3176 171 3224; x_wconf 80' lang='lat' dir='ltr'>quae</span> <span class='ocrx_word' id='word_1_312' title='bbox 195 3165 248 3208; x_wconf 77' lang='lat' dir='ltr'>sunl</span> <span class='ocrx_word' id='word_1_313' title='bbox 267 3155 356 3205; x_wconf 80' lang='lat' dir='ltr'>wirde</span> <span class='ocrx_word' id='word_1_314' title='bbox 375 3155 441 3204; x_wconf 86' lang='lat' dir='ltr'>daun</span> <span class='ocrx_word' id='word_1_315' title='bbox 459 3153 544 3205; x_wconf 85' lang='lat' dir='ltr'>alles</span> <span class='ocrx_word' id='word_1_316' title='bbox 561 3155 624 3204; x_wconf 87' lang='lat' dir='ltr'>Da·</span> <span class='ocrx_word' id='word_1_317' title='bbox 666 3153 710 3212; x_wconf 85' lang='lat' dir='ltr'>IX,</span> <span class='ocrx_word' id='word_1_318' title='bbox 734 3157 796 3206; x_wconf 83' lang='lat'><strong>139:</strong></span> <span class='ocrx_word' id='word_1_319' title='bbox 822 3149 846 3205; x_wconf 81' lang='grc' dir='ltr'>εἰ</span> <span class='ocrx_word' id='word_1_320' title='bbox 868 3151 922 3224; x_wconf 77' lang='grc' dir='ltr'>γὰρ</span> <span class='ocrx_word' id='word_1_321' title='bbox 941 3149 993 3204; x_wconf 82' lang='grc' dir='ltr'><strong><em>εἰσὶ</em></strong></span> <span class='ocrx_word' id='word_1_322' title='bbox 1014 3152 1093 3213; x_wconf 79' lang='grc' dir='ltr'><strong><em>θεοὶ,</em></strong></span> <span class='ocrx_word' id='word_1_323' title='bbox 1122 3151 1178 3215; x_wconf 60' lang='lat' dir='ltr'>§aiei</span> 
     </span>
     <span class='ocr_line' id='line_1_35' title="bbox 112 3215 1178 3280; baseline -0.003 -5"><span class='ocrx_word' id='word_1_324' title='bbox 112 3222 248 3275; x_wconf 85' lang='lat' dir='ltr'>seieude</span> <span class='ocrx_word' id='word_1_325' title='bbox 271 3222 409 3280; x_wconf 84' lang='lat' dir='ltr'>bedeuteu,</span> <span class='ocrx_word' id='word_1_326' title='bbox 435 3237 490 3273; x_wconf 86' lang='lat' dir='ltr'>was</span> <span class='ocrx_word' id='word_1_327' title='bbox 514 3223 570 3272; x_wconf 87' lang='lat' dir='ltr'>bier</span> <span class='ocrx_word' id='word_1_328' title='bbox 587 3221 624 3271; x_wconf 85' lang='lat' dir='ltr'>ol·</span> <span class='ocrx_word' id='word_1_329' title='bbox 667 3217 743 3272; x_wconf 81' lang='grc' dir='ltr'><strong><em>εἰσιν.</em></strong></span> <span class='ocrx_word' id='word_1_330' title='bbox 764 3215 836 3273; x_wconf 79' lang='grc' dir='ltr'><em>εἰδὲ</em></span> <span class='ocrx_word' id='word_1_331' title='bbox 854 3217 1004 3280; x_wconf 61' lang='lat' dir='ltr'>(doleiam,</span> <span class='ocrx_word' id='word_1_332' title='bbox 1030 3219 1178 3274; x_wconf 77' lang='grc' dir='ltr'><em>αἰσθάνον-</em></span> 
     </span>
     <span class='ocr_line' id='line_1_36' title="bbox 112 3285 1178 3359; baseline -0.001 -16"><span class='ocrx_word' id='word_1_333' title='bbox 112 3291 202 3343; x_wconf 83' lang='lat' dir='ltr'>leobar</span> <span class='ocrx_word' id='word_1_334' title='bbox 219 3291 287 3339; x_wconf 84' lang='lat' dir='ltr'>nieht</span> <span class='ocrx_word' id='word_1_335' title='bbox 309 3290 417 3353; x_wconf 81' lang='lat' dir='ltr'>gemeiut</span> <span class='ocrx_word' id='word_1_336' title='bbox 441 3291 487 3348; x_wconf 82' lang='lat' dir='ltr'>ist3</span> <span class='ocrx_word' id='word_1_337' title='bbox 516 3291 624 3340; x_wconf 86' lang='lat' dir='ltr'>sondero</span> <span class='ocrx_word' id='word_1_338' title='bbox 667 3305 719 3339; x_wconf 86' lang='grc' dir='ltr'><strong><em>ται.</em></strong></span> <span class='ocrx_word' id='word_1_339' title='bbox 740 3289 796 3339; x_wconf 82' lang='grc' dir='ltr'>πᾶν</span> <span class='ocrx_word' id='word_1_340' title='bbox 812 3285 866 3359; x_wconf 81' lang='grc' dir='ltr'>γὰρ</span> <span class='ocrx_word' id='word_1_341' title='bbox 885 3290 955 3348; x_wconf 80' lang='grc' dir='ltr'><em>ζῶον</em></span> <span class='ocrx_word' id='word_1_342' title='bbox 967 3286 1120 3353; x_wconf 77' lang='grc' dir='ltr'><em>αἰσθήσεώς</em></span> <span class='ocrx_word' id='word_1_343' title='bbox 1132 3307 1178 3359; x_wconf 86' lang='grc' dir='ltr'>με·</span> 
     </span>
     <span class='ocr_line' id='line_1_37' title="bbox 111 3353 1271 3426; baseline -0.005 -13"><span class='ocrx_word' id='word_1_344' title='bbox 111 3369 164 3413; x_wconf 81' lang='lat' dir='ltr'>ruot</span> <span class='ocrx_word' id='word_1_345' title='bbox 182 3360 215 3409; x_wconf 91' lang='lat' dir='ltr'>ist</span> <span class='ocrx_word' id='word_1_346' title='bbox 232 3358 269 3409; x_wconf 88' lang='lat' dir='ltr'>als</span> <span class='ocrx_word' id='word_1_347' title='bbox 288 3357 383 3424; x_wconf 70' lang='lat' dir='ltr'>Copula</span> <span class='ocrx_word' id='word_1_348' title='bbox 408 3360 550 3409; x_wconf 84' lang='lat' dir='ltr'>auzusolrea</span> <span class='ocrx_word' id='word_1_349' title='bbox 574 3358 624 3407; x_wconf 86' lang='lat' dir='ltr'>uod</span> <span class='ocrx_word' id='word_1_350' title='bbox 665 3358 732 3426; x_wconf 81' lang='grc' dir='ltr'><strong><em>τοχῇ</em></strong></span> <span class='ocrx_word' id='word_1_351' title='bbox 745 3359 849 3408; x_wconf 80' lang='grc' dir='ltr'><strong><em>νοεῖται</em></strong></span> <span class='ocrx_word' id='word_1_352' title='bbox 858 3358 936 3417; x_wconf 70' lang='grc' dir='ltr'><strong><em>ζῶον.</em></strong></span> <span class='ocrx_word' id='word_1_353' title='bbox 949 3353 973 3410; x_wconf 80' lang='grc' dir='ltr'>εἰ</span> <span class='ocrx_word' id='word_1_354' title='bbox 987 3356 1017 3410; x_wconf 76' lang='grc' dir='ltr'>δὲ</span> <span class='ocrx_word' id='word_1_355' title='bbox 1031 3355 1178 3410; x_wconf 74' lang='grc' dir='ltr'><em>αἰσθάνον-</em></span> <span class='ocrx_word' id='word_1_356' title='bbox 1268 3395 1271 3400; x_wconf 85' lang='grc'><em>.</em></span> 
     </span>
     <span class='ocr_line' id='line_1_38' title="bbox 111 3421 1178 3543; baseline -0.004 -65"><span class='ocrx_word' id='word_1_357' title='bbox 111 3429 157 3478; x_wconf 87' lang='lat' dir='ltr'>der</span> <span class='ocrx_word' id='word_1_358' title='bbox 176 3427 235 3477; x_wconf 85' lang='lat' dir='ltr'>Sino</span> <span class='ocrx_word' id='word_1_359' title='bbox 252 3450 287 3472; x_wconf 86' lang='lat'><em>=</em></span> <span class='ocrx_word' id='word_1_360' title='bbox 305 3431 382 3479; x_wconf 82' lang='lat' dir='ltr'>omnio</span> <span class='ocrx_word' id='word_1_361' title='bbox 405 3445 463 3492; x_wconf 83' lang='lat' dir='ltr'>quoe</span> <span class='ocrx_word' id='word_1_362' title='bbox 486 3437 539 3480; x_wconf 81' lang='lat' dir='ltr'>suot</span> <span class='ocrx_word' id='word_1_363' title='bbox 566 3445 622 3480; x_wconf 80' lang='lat' dir='ltr'>eon·</span> <span class='ocrx_word' id='word_1_364' title='bbox 665 3442 726 3482; x_wconf 81' lang='grc' dir='ltr'><strong><em>ται,</em></strong></span> <span class='ocrx_word' id='word_1_365' title='bbox 754 3421 799 3474; x_wconf 83' lang='grc' dir='ltr'>καὶ</span> <span class='ocrx_word' id='word_1_366' title='bbox 821 3422 999 3543; x_wconf 50' lang='lat' dir='ltr'>anguicomae</span> <span class='ocrx_word' id='word_1_367' title='bbox 1020 3424 1066 3476; x_wconf 84' lang='grc' dir='ltr'>καὶ</span> <span class='ocrx_word' id='word_1_368' title='bbox 1082 3421 1178 3492; x_wconf 84' lang='grc' dir='ltr'><strong><em>γλυκά-</em></strong></span> 
     </span>
     <span class='ocr_line' id='line_1_39' title="bbox 111 3489 1179 3561; baseline -0.006 -13"><span class='ocrx_word' id='word_1_369' title='bbox 111 3507 198 3548; x_wconf 79' lang='lat' dir='ltr'>olorum</span> <span class='ocrx_word' id='word_1_370' title='bbox 232 3498 347 3546; x_wconf 79' lang='lat' dir='ltr'>elemento.</span> <span class='ocrx_word' id='word_1_371' title='bbox 383 3491 452 3543; x_wconf 88' lang='lat' dir='ltr'>Doeh</span> <span class='ocrx_word' id='word_1_372' title='bbox 486 3495 520 3545; x_wconf 84' lang='lat' dir='ltr'>iet</span> <span class='ocrx_word' id='word_1_373' title='bbox 553 3494 622 3544; x_wconf 76' lang='lat' dir='ltr'>diosa</span> <span class='ocrx_word' id='word_1_374' title='bbox 666 3492 767 3552; x_wconf 81' lang='grc' dir='ltr'><strong><em>ζονται.</em></strong></span> <span class='ocrx_word' id='word_1_375' title='bbox 793 3522 826 3531; x_wconf 85' lang='grc'><strong>-</strong></span> <span class='ocrx_word' id='word_1_376' title='bbox 852 3489 1047 3561; x_wconf 77' lang='grc' dir='ltr'><strong><em>γυκαζόμενος</em></strong></span> <span class='ocrx_word' id='word_1_377' title='bbox 1077 3491 1107 3544; x_wconf 78' lang='grc' dir='ltr'>δὲ</span> <span class='ocrx_word' id='word_1_378' title='bbox 1133 3490 1179 3543; x_wconf 85' lang='grc' dir='ltr'>καὶ</span> 
     </span>
     <span class='ocr_line' id='line_1_40' title="bbox 110 3555 1178 3629; baseline -0.003 -16"><span class='ocrx_word' id='word_1_379' title='bbox 110 3560 280 3613; x_wconf 79' lang='lat' dir='ltr'>wundorliohe</span> <span class='ocrx_word' id='word_1_380' title='bbox 310 3561 357 3611; x_wconf 83' lang='lat' dir='ltr'>Art</span> <span class='ocrx_word' id='word_1_381' title='bbox 391 3561 435 3610; x_wconf 84' lang='lat' dir='ltr'>des</span> <span class='ocrx_word' id='word_1_382' title='bbox 462 3562 622 3613; x_wconf 80' lang='lat' dir='ltr'>Ausdruokes</span> <span class='ocrx_word' id='word_1_383' title='bbox 665 3555 861 3629; x_wconf 75' lang='grc' dir='ltr'><strong><em>πικραζόμενος</em></strong></span> <span class='ocrx_word' id='word_1_384' title='bbox 878 3555 1050 3628; x_wconf 75' lang='grc' dir='ltr'><em>εὖαρεστήσει</em></span> <span class='ocrx_word' id='word_1_385' title='bbox 1062 3556 1119 3611; x_wconf 81' lang='grc' dir='ltr'><strong><em>τισὶ</em></strong></span> <span class='ocrx_word' id='word_1_386' title='bbox 1132 3557 1178 3611; x_wconf 83' lang='grc' dir='ltr'>καὶ</span> 
     </span>
     <span class='ocr_line' id='line_1_41' title="bbox 111 3623 1176 3712; baseline -0.002 -32"><span class='ocrx_word' id='word_1_387' title='bbox 111 3629 199 3680; x_wconf 79' lang='lat' dir='ltr'>biehst</span> <span class='ocrx_word' id='word_1_388' title='bbox 222 3623 469 3688; x_wconf 70' lang='lat' dir='ltr'>uhwohrsebeinliou</span> <span class='ocrx_word' id='word_1_389' title='bbox 499 3631 548 3679; x_wconf 88' lang='lat' dir='ltr'>uod</span> <span class='ocrx_word' id='word_1_390' title='bbox 568 3629 620 3680; x_wconf 86' lang='lat' dir='ltr'>Cio.</span> <span class='ocrx_word' id='word_1_391' title='bbox 666 3624 868 3712; x_wconf 66' lang='lat' dir='ltr'>dvoagrocrff‘oee·</span> <span class='ocrx_word' id='word_1_392' title='bbox 883 3626 1057 3697; x_wconf 72' lang='grc' dir='ltr'><em>δυσαρεστών</em></span> <span class='ocrx_word' id='word_1_393' title='bbox 1069 3626 1099 3679; x_wconf 79' lang='grc' dir='ltr'>δέ</span> <span class='ocrx_word' id='word_1_394' title='bbox 1111 3642 1176 3688; x_wconf 84' lang='grc' dir='ltr'><strong><em>τισι,</em></strong></span> 
     </span>
     <span class='ocr_line' id='line_1_42' title="bbox 101 3691 1178 3762; baseline -0.002 -14"><span class='ocrx_word' id='word_1_395' title='bbox 101 3700 155 3748; x_wconf 85' lang='lat' dir='ltr'>bat</span> <span class='ocrx_word' id='word_1_396' title='bbox 170 3696 238 3748; x_wconf 89' lang='lat' dir='ltr'>wohl</span> <span class='ocrx_word' id='word_1_397' title='bbox 255 3696 432 3759; x_wconf 78' lang='lat' dir='ltr'>gesebriebeo:</span> <span class='ocrx_word' id='word_1_398' title='bbox 461 3702 482 3749; x_wconf 79' lang='lat' dir='ltr'>si</span> <span class='ocrx_word' id='word_1_399' title='bbox 499 3703 623 3762; x_wconf 63' lang='lat' dir='ltr'>amatim</span> <span class='ocrx_word' id='word_1_400' title='bbox 664 3693 710 3746; x_wconf 84' lang='grc' dir='ltr'>καὶ</span> <span class='ocrx_word' id='word_1_401' title='bbox 735 3691 868 3758; x_wconf 65' lang='lat' dir='ltr'>altioeus</span> <span class='ocrx_word' id='word_1_402' title='bbox 891 3691 968 3746; x_wconf 81' lang='grc' dir='ltr'><em>ἔσται</em></span> <span class='ocrx_word' id='word_1_403' title='bbox 991 3693 1110 3752; x_wconf 75' lang='grc' dir='ltr'>δεκτικὸς</span> <span class='ocrx_word' id='word_1_404' title='bbox 1132 3693 1178 3746; x_wconf 82' lang='grc' dir='ltr'>καὶ</span> 
     </span>
     <span class='ocr_line' id='line_1_43' title="bbox 112 3760 1178 3834; baseline -0.002 -16"><span class='ocrx_word' id='word_1_405' title='bbox 112 3770 209 3834; x_wconf 79' lang='lat' dir='ltr'>quibus,</span> <span class='ocrx_word' id='word_1_406' title='bbox 235 3783 293 3831; x_wconf 79' lang='lat' dir='ltr'>quae</span> <span class='ocrx_word' id='word_1_407' title='bbox 311 3775 377 3828; x_wconf 82' lang='lat' dir='ltr'>root,</span> <span class='ocrx_word' id='word_1_408' title='bbox 403 3773 484 3817; x_wconf 79' lang='lat' dir='ltr'>coorto</span> <span class='ocrx_word' id='word_1_409' title='bbox 511 3774 623 3818; x_wconf 73' lang='lat' dir='ltr'>constant.</span> <span class='ocrx_word' id='word_1_410' title='bbox 665 3765 713 3826; x_wconf 76' lang='grc' dir='ltr'>τῆς</span> <span class='ocrx_word' id='word_1_411' title='bbox 739 3761 783 3815; x_wconf 79' lang='grc' dir='ltr'>επὶ</span> <span class='ocrx_word' id='word_1_412' title='bbox 807 3761 838 3813; x_wconf 84' lang='grc' dir='ltr'>τὸ</span> <span class='ocrx_word' id='word_1_413' title='bbox 859 3766 954 3832; x_wconf 82' lang='grc' dir='ltr'><em>χεῖρον</em></span> <span class='ocrx_word' id='word_1_414' title='bbox 977 3763 1135 3833; x_wconf 75' lang='grc' dir='ltr'><strong><em>μεταβολῆς·</em></strong></span> <span class='ocrx_word' id='word_1_415' title='bbox 1154 3760 1178 3816; x_wconf 80' lang='grc' dir='ltr'>εἰ</span> 
     </span>
    </p>

    <p class='ocr_par' dir='ltr' id='par_1_4' title="bbox 147 3826 1178 3899">
     <span class='ocr_line' id='line_1_44' title="bbox 147 3826 1178 3899; baseline -0.003 -13"><span class='ocrx_word' id='word_1_416' title='bbox 147 3844 173 3886; x_wconf 81' lang='lat' dir='ltr'>ut</span> <span class='ocrx_word' id='word_1_417' title='bbox 189 3837 254 3886; x_wconf 80' lang='lat' dir='ltr'>uobis</span> <span class='ocrx_word' id='word_1_418' title='bbox 270 3837 367 3884; x_wconf 77' lang='lat' dir='ltr'>videtur.</span> <span class='ocrx_word' id='word_1_419' title='bbox 403 3831 428 3882; x_wconf 89' lang='lat' dir='ltr'>S.</span> <span class='ocrx_word' id='word_1_420' title='bbox 449 3830 479 3890; x_wconf 89' lang='lat' dir='ltr'>ll,</span> <span class='ocrx_word' id='word_1_421' title='bbox 501 3834 541 3890; x_wconf 85' lang='lat'>33,</span> <span class='ocrx_word' id='word_1_422' title='bbox 563 3835 604 3885; x_wconf 86' lang='grc'>84.</span> <span class='ocrx_word' id='word_1_423' title='bbox 666 3829 696 3883; x_wconf 76' lang='grc' dir='ltr'>δὲ</span> <span class='ocrx_word' id='word_1_424' title='bbox 722 3833 820 3889; x_wconf 82' lang='grc' dir='ltr'><strong><em>τοῦτο,</em></strong></span> <span class='ocrx_word' id='word_1_425' title='bbox 848 3827 976 3899; x_wconf 76' lang='grc' dir='ltr'><em>φθαρτός</em></span> <span class='ocrx_word' id='word_1_426' title='bbox 999 3829 1081 3884; x_wconf 76' lang='grc' dir='ltr'><strong><em>ἐστιν.</em></strong></span> <span class='ocrx_word' id='word_1_427' title='bbox 1108 3826 1178 3886; x_wconf 79' lang='grc' dir='ltr'><em>ὥστε</em></span> 
     </span>
    </p>

    <p class='ocr_par' dir='ltr' id='par_1_5' title="bbox 113 3890 1177 4035">
     <span class='ocr_line' id='line_1_45' title="bbox 145 3890 1176 3969; baseline -0.003 -16"><span class='ocrx_word' id='word_1_428' title='bbox 145 3905 234 3954; x_wconf 77' lang='lat' dir='ltr'>Etenim</span> <span class='ocrx_word' id='word_1_429' title='bbox 262 3918 327 3952; x_wconf 78' lang='lat' dir='ltr'>omae</span> <span class='ocrx_word' id='word_1_430' title='bbox 356 3918 437 3967; x_wconf 74' lang='lat' dir='ltr'>eorpus</span> <span class='ocrx_word' id='word_1_431' title='bbox 445 3927 500 3969; x_wconf 41' lang='grc'>-.,</span> <span class='ocrx_word' id='word_1_432' title='bbox 532 3899 622 3950; x_wconf 81' lang='lat' dir='ltr'>Dioser</span> <span class='ocrx_word' id='word_1_433' title='bbox 666 3895 740 3969; x_wconf 80' lang='grc' dir='ltr'><em>εἴπερ</em></span> <span class='ocrx_word' id='word_1_434' title='bbox 767 3895 820 3950; x_wconf 81' lang='grc' dir='ltr'><strong><em>εἰσὶ</em></strong></span> <span class='ocrx_word' id='word_1_435' title='bbox 842 3897 917 3958; x_wconf 72' lang='grc' dir='ltr'><strong><em>θεοὶ,</em></strong></span> <span class='ocrx_word' id='word_1_436' title='bbox 947 3903 1009 3968; x_wconf 70' lang='lat' dir='ltr'>uado</span> <span class='ocrx_word' id='word_1_437' title='bbox 1029 3898 1073 3951; x_wconf 82' lang='grc' dir='ltr'>τοί</span> <span class='ocrx_word' id='word_1_438' title='bbox 1098 3890 1176 3952; x_wconf 70' lang='lat' dir='ltr'>elder·</span> 
     </span>
     <span class='ocr_line' id='line_1_46' title="bbox 113 3918 1177 4035; baseline 0.002 -15"><span class='ocrx_word' id='word_1_439' title='bbox 113 3968 173 4020; x_wconf 80' lang='lat' dir='ltr'>Sata</span> <span class='ocrx_word' id='word_1_440' title='bbox 197 3967 292 4019; x_wconf 78' lang='lat' dir='ltr'>eothiilt</span> <span class='ocrx_word' id='word_1_441' title='bbox 313 3966 380 4018; x_wconf 85' lang='lat' dir='ltr'>nieht</span> <span class='ocrx_word' id='word_1_442' title='bbox 403 3967 451 4017; x_wconf 87' lang='lat' dir='ltr'>don</span> <span class='ocrx_word' id='word_1_443' title='bbox 469 3967 556 4020; x_wconf 83' lang='lat' dir='ltr'>Gruod</span> <span class='ocrx_word' id='word_1_444' title='bbox 579 3968 623 4018; x_wconf 82' lang='lat' dir='ltr'>dos</span> <span class='ocrx_word' id='word_1_445' title='bbox 668 3962 794 4035; x_wconf 66' lang='lat' dir='ltr'>orieoloa</span> <span class='ocrx_word' id='word_1_446' title='bbox 817 3963 973 4022; x_wconf 66' lang='lat' dir='ltr'>roetelein.</span> <span class='ocrx_word' id='word_1_447' title='bbox 1010 3918 1057 4020; x_wconf 69' lang='lat' dir='ltr'>llio</span> <span class='ocrx_word' id='word_1_448' title='bbox 1082 3968 1177 4031; x_wconf 82' lang='lat' dir='ltr'>gleiobe</span> 
     </span>
    </p>
   </div>
   <div class='ocr_carea' id='block_1_4' title="bbox 0 0 1328 4418">
    <p class='ocr_par' dir='ltr' id='par_1_6' title="bbox 0 0 1328 4418">
     <span class='ocr_line' id='line_1_47' title="bbox 0 0 1328 4418; baseline 0 0"><span class='ocrx_word' id='word_1_449' title='bbox 0 0 1328 4418; x_wconf 95' lang='lat' dir='ltr'> </span> 
     </span>
    </p>
   </div>
  </div>
 </body>
</html>
