2640 4418
437 333 838 389 monumemtum.
1082 325 1163 389 -205
1245 322 1248 328 ’

102 486 295 570 praeditum?
319 489 397 562 Quid
420 488 523 551 enim?
556 488 787 556 Prudentiamne
810 489 866 550 deo
888 488 1062 563 tribuemus,
1086 510 1161 571 quae
1175 502 1205 552 38

103 583 277 635 constater
299 573 423 643 scientia
445 592 543 635 rerum
571 573 716 634 bonarum
739 573 948 646 etmalorum,
983 582 1013 635 et
1033 594 1091 639 nco
1112 576 1178 637 boa

102 677 208 721 narum
235 677 292 719 nec
318 655 484 719 malarum?
520 658 574 720 Cui
605 658 691 738 ,mali
707 657 784 718 nihil
812 665 857 719 est
884 669 949 720 neo·
969 678 1036 720 esse
1059 668 1167 739 potest,

104 744 176 823 quid
198 743 269 804 huic
290 761 365 822 opus
380 752 426 805 est
447 742 565 804 delectu
583 742 730 813 bonorum
745 739 954 817 etmalorum?
977 744 1048 822 quid
1070 752 1169 806 autem

103 825 243 889 ratione?
279 827 349 906 quid
371 824 591 905 intelligentia?
627 827 734 907 quibus
757 827 867 887 utimur
887 828 924 889 ad
947 847 1012 889 eam
1034 847 1113 901 rem,
1136 841 1170 893 ut

105 912 216 991 apertis
239 913 366 974 obscura
389 930 600 990 assequamur:
639 922 668 973 at
691 911 850 972 obscurum
883 912 940 973 deo
968 912 1044 973 nihil
1066 921 1168 992 potest

101 1016 183 1058 esse.
223 997 297 1058 Nam
319 997 442 1067 iustitia,
466 1014 542 1076 quae
563 1015 650 1057 suum
671 996 780 1076 cuique
801 996 960 1077 distribuit,
983 997 1054 1076 quid
1076 998 1169 1077 perti-

104 1081 214 1144 netad
236 1078 334 1142 deos?
357 1081 514 1143 Hominum
537 1077 621 1142 enim'
639 1074 819 1151 societnsfet
832 1081 1039 1164 communitas,
1062 1091 1168 1144 utros

75 1215 76 1218 ,
103 1165 218 1237 dicitis,
251 1165 396 1226 iustitiam
417 1165 594 1244 procrearit
637 1164 847 1244 Temperantia
875 1160 973 1226 autem'
995 1174 1113 1227 constat
1133 1185 1170 1228 ex

101 1249 377 1329 praetermittendis
400 1249 601 1329 voluptatibus
624 1249 774 1329 corporis,
805 1249 852 1309 cui
875 1250 901 1309 si
924 1251 1008 1311 locus
1030 1250 1063 1310 in
1085 1252 1168 1312 caelo

104 1343 168 1406 est,
206 1343 252 1395 est
279 1334 368 1395 etiam
391 1333 602 1413 voluptatibus
645 1335 720 1396 Nam
749 1334 836 1394 fortis
865 1334 938 1394 deus
967 1334 1094 1420 intelligi
1117 1339 1169 1415 qul

102 1416 225 1498 potest?
246 1418 278 1477 in
301 1410 428 1480 dolore?
464 1437 499 1480 au
523 1417 700 1487 inlabere?
736 1418 828 1480 auin
848 1416 1007 1498 periculo?
1044 1439 1170 1498 quorum

105 1503 193 1563 deum
215 1500 291 1562 nihil
313 1502 440 1578 attingit.
483 1502 546 1563 Nec
568 1503 683 1564 ratione
711 1503 802 1581 igitur
828 1511 958 1564 utentem
981 1522 1038 1566 nec
1059 1505 1168 1566 virtute
1182 1514 1212 1564 39

103 1586 162 1647 ulla
194 1585 361 1665 praeditum
395 1587 483 1647 deum
518 1586 685 1664 intelligere
718 1592 769 1666 qul
790 1587 975 1666 possumus?
1009 1588 1074 1650 Nec
1095 1608 1169 1650 *vcro

103 1671 182 1748 vulgi
205 1679 293 1748 atque
316 1667 522 1750 imperitorum
551 1670 701 1732 inscitiam
729 1671 884 1750 despicere
912 1692 1049 1752 possum,
1078 1693 1171 1752 quum

104 1774 138 1817 ea
162 1755 330 1828 considero,
354 1774 429 1834 quac
450 1755 590 1817 dicuutur
612 1775 628 1816 a
650 1755 775 1816 Stoicis:
809 1768 879 1817 sunt
901 1758 981 1818 enim
1002 1757 1052 1822 illa
1076 1759 1171 1838 impe·
1223 1771 1227 1776 ·

106 1840 247 1900 ritorum:
270 1841 384 1919 piscem
404 1839 473 1918 Syri
495 1849 687 1912 venerantum
713 1858 800 1900 omne
814 1840 876 1900 lere
889 1858 983 1917 genus
1005 1841 1170 1907 bestiarum

102 1923 239 2002 Aegyptii
262 1931 520 1986 consecraverunt.
563 1925 625 1986 lam
646 1942 716 1997 vero
738 1924 770 1983 iu
785 1923 908 1985 Graecia
929 1925 1038 1986 multos
1060 1926 1174 1988 habeut

104 2028 140 2070 ex
161 2007 332 2077 hominibus
355 2009 443 2070 deos:
475 2009 663 2071 Alabandum
685 2007 864 2080 Alabandei,
894 2009 1020 2070 Tenedii
1041 2011 1170 2085 'lenem3

64 2131 73 2140 ,
102 2093 313 2166 Leucotheam,
336 2112 411 2172 qnae
433 2094 565 2168 lnitlno,
588 2102 618 2154 et
639 2092 704 2160 eius
718 2093 927 2175 Palaemonem
949 2093 1043 2154 lilium
1065 2102 1172 2156 cun'cta

104 2177 236 2250 Graecia,
259 2178 426 2251 Herculem,
441 2179 660 2258 Aesculapium,
680 2176 883 2257 Tyndaridas3
905 2173 1063 2241 Romulum
1075 2178 1193 2240 nostri

103 2260 432 2342 aliosque'jc'omplures,
456 2282 531 2342 quos
550 2263 638 2342 quasi
652 2281 746 2323 noros
770 2271 799 2322 et
813 2262 1024 2342 adscripticios
1037 2265 1116 2325 cives
1139 2264 1171 2324 in
1239 2334 1241 2339 ¹

105 2345 218 2405 caelum
240 2355 378 2425 receptos
400 2355 515 2425 putant.
559 2347 640 2408 Haec
660 2346 751 2424 igitur
772 2345 897 2409 indocti.
942 2347 1021 2420 Quid
1034 2348 1168 2428 vosphi-
1182 2344 1226 2415 16
1254 2348 1266 2426 'l
1295 2368 1298 2372 ’

103 2426 245 2507 lusopbi?
268 2434 319 2509 qui
341 2428 488 2492 meliora?
512 2431 623 2492 Omitto
646 2430 713 2502 illa,
744 2439 814 2490 sunt
835 2430 915 2492 enirn
936 2432 1106 2510 praeclara:
1130 2433 1213 2495 sicto

104 2532 175 2575 saue
198 2513 271 2574 deus
293 2514 359 2594 ipse
380 2515 519 2576 mundus.
563 2516 627 2576 Hoc
649 2515 739 2577 credo
761 2514 834 2577 illud
858 2535 926 2578 esse

103 2686 198 2746 ceperis,
217 2685 243 2732 iu
259 2685 382 2734 lrumcnrtm
399 2687 501 2736 transilit
524 2691 545 2735 et
562 2701 614 2737 cor·
657 2681 697 2732 die
708 2682 863 2750 mythisclreu
873 2682 995 2733 Oelisterr
1007 2683 1056 2731 nud
1069 2683 1169 2751 Epony-

102 2754 215 2814 rumpitur
232 2768 339 2813 sensuam
364 2769 406 2804 uec
424 2756 491 2803 babet
505 2756 614 2818 propriae
655 2765 711 2800 men
736 2767 786 2800 von
804 2750 936 2800 Alabanda
959 2751 983 2799 in
1001 2750 1096 2800 llarien
1119 2752 1169 2801 und

104 2819 374 2880 significationiscotom,
394 2823 455 2883 quod
472 2823 558 2870 uostris
576 2823 614 2870 di·
657 2818 703 2867 der
720 2817 909 2868 luselTenedus
928 2833 959 2866 au
977 2815 1169 2868 derTroischen

105 2886 163 2933 citur
180 2887 254 2933 ambis
272 2893 340 2948 atque
358 2888 388 2934 cd
405 2889 497 2948 negotio
515 2889 614 2943 bumana
656 2884 743 2943 Kriste,
764 2887 869 2935 wurdcn
888 2886 925 2934 als
939 2885 1038 2934 lleroen
1054 2888 1166 2936 verebrt.

104 2952 242 3014 compositio.
280 2953 341 3001 llrrrts
365 2959 398 3001 est
423 2954 521 3001 bominis
545 2955 613 3003 intel·
690 2955 846 3015 leucotheam,
866 2970 924 3018 occe
941 2957 986 3017 scit
1000 2956 1093 3005 lcootc.
1120 2953 1168 3003 Uc-

104 3019 175 3067 lectur
200 3020 228 3067 de
252 3019 289 3066 dei
312 3024 395 3068 actura
418 3021 567 3081 certissimus,
592 3022 614 3068 ei
655 3017 703 3067 bct·
728 3019 768 3067 die
793 3018 870 3068 nauel
896 3019 962 3069 kann
979 3033 1036 3068 mun
1051 3020 1104 3070 siclt
1123 3035 1169 3072 uus

80 3088 164 3135 1scias
189 3093 210 3135 et
235 3088 321 3135 sectius
347 3087 407 3136 stau
430 3088 459 3135 dc
481 3087 522 3136 illo
546 3101 615 3150 posse
656 3084 775 3150 lllopl'ers
810 3086 861 3135 und
883 3085 992 3137 lacobi's
1020 3087 1169 3154 mythologi-

104 3155 197 3203 mortolc'
215 3156 317 3204 oratioue
336 3155 445 3218 depromi.
657 3152 1089 3206 seheuworterhuohernbelehi-en.
1107 3157 1169 3208 Hier

139 3219 179 3269 39.
204 3225 291 3285 piscem
314 3222 367 3282 syri
389 3228 533 3271 venerantur.
567 3217 614 3268 nte
656 3234 714 3281 mag
740 3235 787 3270 nur
815 3221 856 3271 dic
886 3223 1043 3286 chcrkuug
1070 3226 1167 3283 slehen,

104 3284 214 3335 Derlteto
233 3286 294 3335 oder
311 3286 451 3349 Atargatis,
480 3286 536 3336 eine
554 3288 615 3336 mrit-
657 3287 698 3337 dic
721 3303 770 3338 von
788 3289 834 3339 der
857 3289 899 3341 lno
925 3291 975 3341 und
991 3289 1074 3341 vielen
1092 3288 1169 3343 unde-

105 3353 209 3403 terlicbe
235 3351 406 3416 Naturgdttiu.
450 3355 492 3405 Sic
526 3355 615 3405 wurdc
658 3356 735 3405 deren
752 3356 881 3419 angellicb
898 3359 1169 3421 vcrgbttertenStcrb-

105 3421 221 3471 indesscn
239 3422 306 3472 nicht
323 3436 386 3484 ganz
408 3422 433 3471 in
450 3421 617 3487 nisohgestalt
657 3423 738 3472 lichen
762 3424 819 3486 gilt,
850 3426 908 3476 dass
938 3427 975 3477 sic
998 3426 1103 3477 naimlicb
1126 3443 1168 3477 ur·

57 3494 60 3500 '
107 3487 229 3551 gebildct,
256 3490 363 3540 sondcrn
382 3490 433 3555 wie
450 3490 523 3540 Diod.
543 3491 617 3549 11,4
658 3491 799 3557 sprfiuglicb
818 3493 843 3542 iu
862 3494 908 3544 der
924 3487 991 3544 mu
1009 3494 1099 3545 Gdtter
1114 3510 1169 3545 wu-

105 3555 181 3618 sagt,
204 3554 235 3606 τὸ
258 3555 310 3624 μὲν
326 3552 476 3626 πρόσωπον
498 3553 553 3626 ἔχει
568 3575 616 3625 γυ-
640 3568 715 3618 'ren,
737 3559 799 3610 uber
815 3563 901 3626 spatcr
919 3562 995 3611 durcb
1013 3562 1169 3625 Umdcutnng

104 3621 209 3683 ναικὸς,
244 3621 275 3674 τὸ
300 3618 330 3674 d'
357 3619 419 3674 dcto
450 3625 530 3694 σῶμα
559 3627 616 3676 πᾶν
657 3627 707 3677 und
725 3626 888 3691 Umdicbtuug
913 3628 1093 3681 vcrduukeltcr
1117 3631 1169 3680 und

107 3686 116 3741 ἰ
134 3687 209 3746 θύος.
230 3693 292 3743 oder
309 3694 369 3743 uach
388 3693 492 3744 Lucian.
514 3694 544 3744 de
568 3695 615 3745 den
657 3694 682 3745 iu
700 3695 748 3744 den
766 3695 936 3760 lliutergruud
953 3698 1106 3761 gedrfiugtcr
1119 3698 1169 3748 Rc-

107 3708 164 3842 gpr.
186 3775 207 3810 c.
230 3763 274 3812 tt:
301 3755 395 3829 ἡμισέη
405 3757 464 3842 μὲν
480 3758 563 3828 γυνὴ,
582 3758 615 3812 τὸ
656 3762 844 3826 ligiouslormen
873 3780 928 3815 znru
954 3765 1040 3827 llange
1068 3768 1169 3828 vargor-

104 3825 135 3878 δε
163 3822 261 3877 ὁκόσον
287 3823 322 3879 ἐκ
337 3845 434 3897 procur
462 3825 489 3884 ἐς
518 3825 615 3898 ἄκρους
658 3838 737 3881 terter
750 3831 849 3883 lleroen
863 3833 1164 3896 herabgcsctztwurdeu.

104 3891 193 3951 πόδας
211 3890 311 3963 ἷχθύος.
594 3948 597 3953 4
690 3894 739 3955 16.
765 3903 805 3953 40.
835 3905 919 3955 Oruttc
940 3906 998 3955 illc:
1031 3912 1085 3954 suot
1109 3908 1169 3956 cuim

139 3968 270 4030 Alabandus
288 3964 338 4015 nud
357 3968 426 4018 Taces
444 3965 506 4015 oder
519 3969 613 4029 loures,
654 3971 782 4033 praeclaro.
818 3969 883 4029 „lob
900 3969 1026 4033 'schweige
1045 3985 1094 4022 von
1111 3970 1167 4022 dem
