2640 4418
157 340 220 403 226
510 352 554 403 nu
572 350 708 402 Neruae
727 352 873 405 nunaunt.

158 513 301 567 tacentur.
344 505 382 566 Et
412 505 439 565 si
461 524 565 567 verum
593 514 654 579 est,
690 507 769 585 quod
792 505 890 567 bristo
914 505 1005 567 Chius
1028 506 1128 570 dicere
1151 508 1231 570 sole-

157 589 218 663 bat,
241 608 351 651 nocere
373 589 563 651 audientibus
585 589 786 669 philosophos
807 590 856 664 iis,
880 590 930 670 qui
952 590 1031 652 bene
1052 592 1130 653 dieta
1153 593 1232 654 male

157 675 438 754 interpretarentur:
476 693 567 754 posse
590 674 670 735 enim
693 683 795 737 asotos
817 693 853 736 ex
874 673 1036 754 Aristippi,
1066 676 1191 738 acerbos
1214 698 1230 740 e

95 766 97 771 ’
157 758 288 821 Zenonis
321 757 423 820 schola
457 758 554 831 exire3
593 778 733 838 prorsus,
767 759 809 829 si,
844 759 893 838 qui
925 760 1098 833 audierunt,
1130 761 1232 823 vitiosi

157 851 260 906 essent
281 842 455 915 discessuri,
479 844 558 922 quod
581 862 721 923 perverse
743 843 994 927 pbilosophorum
1009 845 1232 924 disputationes

157 928 438 1007 interpretarentur,
462 937 560 989 tacere
582 936 750 1007 praestaret
770 928 962 1007 pbilosophis
985 948 1073 1008 quam
1096 930 1144 1004 iis,
1179 931 1231 1010 qni

115 1022 145 1072 78
159 1031 193 1074 se
215 1013 384 1086 audissent,
413 1029 533 1075 nocere.
578 1012 645 1084 Sic,
675 1013 701 1073 si
723 1013 862 1073 homines
885 1014 1030 1074 rationem
1054 1014 1134 1079 bono
1158 1033 1232 1076 con-

157 1096 226 1158 silio
259 1116 276 1159 a
311 1097 370 1159 diis
402 1097 620 1158 immortalibus
656 1098 755 1158 datam
792 1097 823 1157 in
858 1098 991 1158 fraudem
1027 1098 1232 1178 malitiamque

157 1190 348 1256 convertunt,
371 1200 432 1242 non
455 1180 519 1242 dari
541 1181 622 1244 illam
645 1200 733 1260 quam
756 1181 819 1242 dari
843 1181 972 1243 humano
994 1183 1096 1260 generi
1121 1184 1231 1245 melius

156 1266 221 1327 tuit.
266 1266 317 1339 Ut,
350 1265 376 1327 sl
399 1265 535 1329 medicus
563 1264 658 1338 sciat,
691 1285 759 1326 eum
788 1274 958 1343 aegrotum,
993 1266 1043 1346 qui
1066 1267 1167 1329 iussus
1189 1269 1231 1328 sit

156 1350 257 1412 vinum
289 1368 422 1425 sumere,
460 1351 608 1411 meracius
641 1360 827 1428 sumpturum
861 1351 1020 1431 statimque
1052 1353 1229 1431 periturum,

155 1452 263 1515 magna
297 1435 338 1496 sit
366 1435 398 1496 in
427 1435 530 1515 culpa:
566 1435 611 1495 sic
643 1443 740 1495 vestra
767 1434 825 1496 ista
853 1435 1043 1514 providentia
1066 1438 1230 1516 reprehen-

156 1519 271 1593 denda,
305 1538 381 1599 quae
403 1520 549 1582 rationem
570 1517 689 1581 dederit
710 1518 764 1590 iis,
797 1538 873 1598 ques
901 1519 1004 1581 scierit
1032 1540 1067 1582 ea
1088 1540 1232 1600 perverse

157 1612 187 1667 et
208 1603 345 1684 improbe
366 1616 486 1666 usuros.
529 1602 595 1664 Nisi
618 1604 694 1664 torte
717 1602 818 1664 dicitis
841 1622 907 1665 eam
930 1604 1076 1667 nescisse.
1110 1606 1231 1667 Utinam

157 1687 292 1768 quidem!
336 1689 395 1750 Sed
418 1708 480 1750 non
502 1687 661 1749 audebitis.
705 1688 772 1749 Non
795 1687 876 1750 enirn
898 1688 1013 1766 ignoro,
1037 1690 1140 1769 quanti
1163 1690 1232 1751 eius

99 1768 145 1839 82
159 1791 270 1835 numen
291 1773 428 1854 putetis„
460 1774 519 1834 Sed
545 1772 596 1834 hic
626 1772 746 1853 quidem
768 1773 853 1833 locus
874 1772 1014 1835 concludi
1037 1773 1096 1836 iam
1119 1781 1230 1852 potest.

114 1868 144 1920 79
157 1857 231 1920 Nam
255 1858 280 1920 si
303 1857 430 1921 stultitia
452 1876 610 1928 consensu¹
630 1857 764 1918 omnium
792 1856 1042 1937 pbilosophorum
1064 1858 1160 1919 maius
1183 1871 1233 1919 est

155 1942 276 2019 malum,
300 1950 387 2024 quam
410 1942 436 2005 si
459 1942 559 2003 omnia
581 1940 658 2003 mala
680 1951 711 2002 et
732 1942 869 2003 fortunae
893 1950 924 2003 et
937 1942 1120 2022 corporisex
1136 1943 1231 2004 altera

155 2036 241 2108 parte
261 2036 426 2107 ponantur,
449 2025 628 2105 sapientiam
644 2034 749 2087 antem
774 2044 861 2089 nemo
884 2027 1069 2105 assequitur:
1093 2027 1124 2089 in
1148 2045 1230 2088 snm-

155 2112 214 2175 mis
236 2112 324 2173 malis
346 2130 451 2173 omnes
473 2130 585 2181 sumus,
609 2109 718 2190 quibus
739 2129 793 2171 vos
816 2111 928 2190 optime
951 2111 1120 2173 consultum
1137 2131 1154 2173 a
1169 2111 1229 2171 diis

156 2195 375 2258 immortalibus
408 2194 519 2258 dicitis.
568 2194 643 2256 Nam
672 2205 705 2255 ut
731 2192 806 2255 nihil
837 2194 978 2267 interest,
1013 2205 1112 2257 utrum
1139 2215 1230 2257 nemo

155 2281 253 2343 valeat
280 2300 318 2343 an
338 2300 428 2343 nemo
450 2280 548 2360 possit
568 2276 683 2341 valere:
712 2279 757 2340 sic
778 2297 839 2340 non
863 2278 1017 2358 intelligo,
1040 2281 1113 2360 quid
1135 2280 1227 2341 inter·

45 2376 59 2391 ·
158 2365 213 2436 sit,
246 2374 345 2428 utrum
372 2383 461 2428 nemo
485 2365 525 2426 sit
546 2363 668 2445 sapiens
696 2382 733 2425 an
757 2382 844 2424 nemo
868 2382 936 2425 esse
957 2365 1067 2444 possit.
1108 2366 1151 2425 Ac
1172 2383 1232 2425 nos

158 2450 279 2529 quidem
307 2450 397 2512 nimis
424 2450 515 2513 multa
546 2450 637 2511 dere
660 2449 866 2529 apertissima3
900 2448 1023 2510 Telamo
1047 2457 1145 2511 autem
1167 2468 1230 2510 uno
1291 2479 1294 2483 ·

156 2552 245 2597 versu
266 2533 366 2596 locum
387 2544 482 2596 totum
506 2533 641 2605 conficit,
665 2552 718 2594 cur
740 2532 781 2593 dii
804 2533 943 2594 homines
965 2533 1131 2612 negligant:
1304 2600 1306 2605 ,

199 2621 271 2680 edm
298 2622 328 2679 si
355 2629 476 2690 curent,
511 2619 581 2679 bene
603 2619 688 2679 bonis
710 2622 765 2689 ait,
799 2617 877 2678 mdle
903 2617 1012 2680 mulia:
1049 2619 1127 2698 quod
1147 2620 1232 2679 abac

141 2710 143 2717 '
291 2760 294 2767 .
713 2703 806 2763 obest.

125 2792 129 2805 '
157 2787 312 2851 Ilebebant
332 2785 375 2848 illi
398 2785 517 2865 quidem
540 2800 646 2847 omnes
674 2785 771 2846 bonos
792 2786 926 2857 efficere,
960 2785 1110 2865 siquidem
1131 2786 1229 2847 homi-

114 2883 230 2935 8bnum
253 2871 354 2950 generi
379 2870 585 2933 consuebant
622 2870 675 2934 Sin
698 2870 728 2957 id
752 2870 867 2943 minus,
891 2871 980 2932 bonis
1003 2871 1125 2951 quidem
1148 2879 1232 2932 certe

159 2957 316 3019 consulere
344 2956 505 3018 debebant.
550 2956 609 3017 Cur
636 2955 727 3034 igitur
754 2956 813 3016 duo
836 2954 1010 3034 Scipiones,
1045 2954 1229 3016 fortissimos

195 3103 669 3185 aaaroncotes.s.zu·1,tt‚3·t.
750 3107 848 3185 Telemo.
890 3104 918 3154 ln
953 3105 1004 3184 der·
1032 3103 1230 3168 gleicbnarnigen

161 3172 673 3292 atttlttlttttttttll¹ttltll
713 3170 914 3291 lttlttlt
929 3171 1045 3299 llll?
1058 3171 1245 3300 aliialii?

161 3324 222 3374 gen,
244 3314 265 3361 sl
280 3325 359 3360 omum
376 3317 409 3360 est
427 3317 482 3370 etc,
510 3308 607 3358 welche
625 3307 673 3359 deu
715 3308 824 3373 getnhrt.

160 3378 186 3427 in
204 3366 600 3427 diescrcutbultenenGedanken
611 3377 673 3426 nocb
749 3372 846 3428 eur‘-
868 3378 992 3441 nepliqont.
1034 3374 1230 3443 brachylogiscb

161 3444 253 3496 einmal
270 3444 295 3493 in
312 3442 422 3494 anderen
435 3443 549 3506 Fassung
565 3443 675 3494 wieder-
716 3443 757 3493 ldr
780 3460 822 3494 cur
845 3447 938 3496 dicendi
967 3448 1013 3496 siat
1042 3447 1171 3509 aeqliqere,
1198 3458 1232 3492 zu

124 3549 126 3552 -
162 3512 221 3564 holt.
258 3510 317 3576 Vgl.
333 3512 364 3563 de
378 3510 448 3562 llinn.
461 3510 480 3571 l,
499 3512 523 3570 3,
536 3514 566 3563 t:
589 3517 673 3573 01111111-
713 3508 873 3573 vergleiehen
900 3510 946 3561 mit
961 3511 1008 3561 der
1024 3497 1154 3561 tbnliebcn
1171 3509 1235 3561 bra-

163 3600 231 3648 quam
248 3586 269 3632 si
284 3584 354 3646 plone
377 3585 410 3633 eie
433 3590 541 3633 onlnem
558 3584 674 3633 Plutonem
715 3577 891 3647 cbylogiscbon
926 3578 1154 3630 Ausdnuolrsweise
1188 3578 1233 3629 bei
1299 3642 1301 3647 A

115 3682 118 3695 ι
163 3652 360 3711 uutdtletotelem,
380 3658 405 3701 ut
421 3658 509 3701 vertum
526 3653 602 3701 nostri
615 3665 673 3714 poe·
714 3657 747 3711 ut,
767 3645 888 3697 wordber
904 3662 936 3697 zu
950 3645 971 3706 l,
993 3649 1017 3705 9,
1039 3647 1081 3699 21.

162 3724 198 3769 tue
216 3720 316 3781 tubulus,
335 3734 383 3768 con
398 3720 458 3769 naute
466 3718 673 3768 menedemeia'
749 3715 790 3767 80.
817 3718 863 3768 duo
887 3718 1014 3833 Sca'Xieaes.
1056 3713 1102 3765 bie
1131 3712 1233 3764 Brirder

78 3799 82 3809 ·
162 3787 258 3847 deibus,
278 3788 299 3835 ai
317 3788 347 3835 od
365 3802 443 3849 corneo
460 3788 612 3847 oppetitionem
636 3786 673 3833 di-
715 3780 743 3831 Ρ.
765 3782 814 3832 und
833 3780 894 3840 (111..
937 3782 961 3833 ic
977 3782 1052 3833 beide
1069 3781 1103 3832 im
1120 3781 1231 3831 zweiten

161 3855 216 3903 uino
244 3854 287 3903 illu
316 3855 409 3916 inqeniu
437 3858 598 3917 transferrem,
630 3862 672 3899 wo
714 3847 855 3900 Punisclten
871 3848 965 3912 Kriege
982 3850 1045 3900 lrurz
1064 3850 1126 3899 nacla
1144 3849 1233 3899 einan-

164 3917 265 3981 ldedvig
281 3918 352 3968 mebr
367 3916 491 3982 Beispielc
509 3917 585 3979 giebt.
716 3916 763 3966 der
794 3916 818 3966 in
850 3915 957 3983 Spanien
988 3917 1126 3967 umkamen.
1170 3915 1230 3966 Liv.

188 3980 238 4040 82.
264 3987 302 4037 79.
323 3988 433 4039 stultitia.
470 3983 495 4035 S.
512 3983 573 4044 aul,
589 3986 612 4044 9,
628 3984 669 4036 23.
714 3983 798 4044 XXV,
819 3985 928 4037 33-36.
