2640 4418
21 312 32 321 ’
133 333 194 396 198
276 367 279 370 ·
489 346 532 395 uu
551 343 849 411 ιιιιιιιιιιιιιιιιιιιιι.

493 433 515 479 Ι

131 501 270 562 homines
303 518 336 570 ιιι
371 517 406 559 eo
438 494 658 591 procreantur⁹
700 496 782 558 Nihil
811 497 902 582 igitur
930 497 1016 569 affert
1036 504 1121 578 pater
1143 494 1237 562 iste

132 585 317 656 Stoicorum,
342 601 434 662 quare
455 584 597 644 muudum
620 581 738 680 rqtssione
759 582 802 644 uti
825 591 977 662 putemus,
1000 601 1039 644 ne
1062 601 1129 643 cur
1137 583 1203 644 oni-

131 678 262 731 mantem
285 667 405 748 quidem
427 687 504 729 esse.
538 668 603 728 Non
626 676 673 728 est
693 665 927 744 igiturmundus
944 667 1036 742 deus,
1059 667 1207 729 ettamen

131 755 207 816 nihil
229 762 275 814 est
296 772 331 820 eo
354 752 477 826 melius3
500 751 576 812 nihil
597 759 644 811 est
665 750 745 812 enim
770 770 806 811 eo
828 747 993 830 pulchrius,
1016 715 1093 813 nihil
1113 752 1205 814 hobis

132 838 301 910 salutarius,
317 836 392 898 nihil
409 837 543 898 ornatius
560 837 703 915 adspectu
719 845 860 915 motuque
876 835 1074 898 constantius.
1099 837 1203 910 Quod-

64 942 65 946 *
133 923 159 984 si
173 923 310 984 mundus
332 923 490 983 universus
512 940 573 983 uon
595 930 642 981 est
663 922 753 992 deus,
782 940 819 982 ue
842 921 946 982 stellae
969 922 1104 1000 quidem,
1129 921 1204 1001 quas

132 1007 418 1069 tulinuumerabiles
447 1007 477 1066 in
509 1006 632 1066 deornm
660 1024 784 1066 numero
806 1005 991 1083 reponebas,
1025 1008 1147 1085 quarum
1171 1019 1204 1068 te

133 1111 238 1154 cursus
260 1091 434 1170 aequabiles
458 1091 630 1170 aeternique
653 1089 853 1151 delectabant:
884 1107 941 1152 uec
962 1091 1133 1165 mehercule
1155 1091 1204 1151 in-

89 1177 225 1250 tlluria,
258 1184 327 1237 sunt
354 1176 434 1238 enim
466 1175 630 1236 admirabili
660 1174 888 1253 incredibilique
921 1174 1098 1236 constantia.
1142 1176 1203 1236 Sed

132 1281 193 1322 non
216 1261 328 1330 omnia,
350 1261 461 1332 Balbe,
486 1279 560 1338 quae
584 1277 688 1320 cursus
712 1267 817 1319 certos.
834 1267 863 1318 et
885 1267 1057 1320 constantes
1079 1261 1205 1333 habent,

76 1344 120 1414 10
137 1366 170 1408 ea
201 1346 256 1407 deo
286 1346 395 1424 potius
417 1345 574 1405 tribuenda
604 1352 673 1404 sunt
702 1362 793 1422 quarn
824 1351 955 1406 naturae.
1005 1344 1084 1417 Quid
1114 1345 1203 1406 Chal·
1278 1349 1285 1365 '

107 1422 230 1493 cidico
258 1430 409 1515 Euripo
402 1448 432 1489 ιιι
468 1437 551 1489 motu
580 1428 742 1489 identidem
770 1426 986 1506 reciprocando
1018 1438 1105 1508 putas
1136 1420 1205 1490 fieri
1258 1434 1262 1439 ’

131 1535 222 1611 posse
245 1506 459 1574 constantius?
483 1513 554 1592 quid
575 1513 651 1574 freto
675 1509 851 1574 Siciliensi?
874 1513 945 1592 quid
959 1513 1071 1575 Oceani
1086 1515 1207 1577 fervore

80 1644 83 1660 .
131 1600 220 1661 illis
213 1618 243 1659 ιιι
265 1598 358 1669 loeis,
808 1618 819 1633 ι

214 1716 369 1795 Europam
390 1715 566 1796 Libyamque
593 1733 694 1795 copon
714 1715 768 1776 ubi
788 1678 893 1776 dividit
912 1713 1018 1777 oredo?

132 1848 239 1926 Quid?
267 1860 367 1917 aestus
389 1850 544 1929 maritimi,
571 1849 616 1910 vel
638 1849 855 1928 Hispanienses
877 1849 924 1910 vel
945 1848 1126 1924 Britannici,
1150 1869 1204 1913 eo-

130 1955 257 2015 rumque
280 1931 380 1996 oer'hs
393 1897 581 2015 temporibus
602 1934 647 1994 vel
670 1953 811 1996 accessus
834 1934 879 1995 vel
901 1953 1039 1996 recessus
1062 1936 1128 1995 siue
1144 1936 1203 1996 deo

131 2023 196 2083 fieri
226 2038 325 2081 noune
354 2017 508 2114 possunt?
552 2019 641 2088 Vide,
672 2037 798 2098 quaeso,
827 2019 854 2078 si
883 2037 986 2080 omnes
1009 2028 1108 2080 motus
1137 2039 1204 2080 om·

26 2110 29 2115 ’
130 2106 256 2186 niaque,
294 2123 367 2183 quae
398 2103 488 2165 certis
521 2103 716 2198 temporibus
734 2103 870 2163 ordinem
898 2122 983 2164 suum
1013 2114 1204 2179 conservant,

131 2191 229 2251 divina
253 2189 395 2260 dicimus,
427 2207 466 2249 ne
490 2188 633 2249 tertianas
657 2206 775 2267 quoque
799 2188 909 2248 febres
921 2196 951 2248 et
972 2196 1132 2267 quartanas
1155 2189 1203 2250 di·-

131 2275 216 2335 vinas
248 2291 316 2333 esse
349 2273 507 2333 dicendum
536 2259 592 2344 sit,
627 2291 750 2351 quarum
779 2273 951 2334 reversione
974 2281 1003 2333 et
1023 2281 1106 2344 motu
1129 2275 1203 2370 quid

129 2367 230 2440 potest
263 2377 354 2418 esse
366 2353 576 2417 constantius?
619 2357 679 2440 Sed
693 2358 843 2447 omuipm
872 2357 974 2417 talium
1002 2376 1101 2418 rerum
1123 2359 1204 2420 ratio

87 2443 283 2507 25reddeuda
319 2450 373 2503 est.
421 2442 505 2514 Quod
535 2427 587 2502 'vos
617 2439 715 2520 quum
735 2443 835 2503 lacere
862 2460 922 2502 nou
948 2443 1092 2520 potestis,
1126 2452 1203 2504 tam-

70 2608 71 2611 *
133 2546 219 2608 quarn
243 2527 273 2586 iu
296 2545 385 2599 arani,
408 2527 570 2604 confugitis
592 2527 629 2586 ad
653 2527 750 2587 deum.
786 2527 824 2587 Et
839 2526 1022 2606 Chrysippus
1046 2527 1100 2589 ubi
1115 2536 1204 2589 acute

134 2692 201 2743 nieht
233 2692 323 2750 wisse,
354 2693 412 2741 dass
440 2691 487 2741 alle
517 2692 644 2742 einzelnen
688 2693 736 2742 beu
750 2693 983 2743 uuseiuaudersetzt
1000 2693 1041 2743 bei
1059 2694 1125 2760 Spou
1142 2693 1203 2743 Rei-

134 2763 230 2812 Kiiuste
264 2776 311 2810 nur
343 2760 459 2826 speeielle
489 2760 645 2823 Ricbtuugeu
690 2776 734 2809 scu
752 2776 776 2809 u.
798 2761 818 2810 Ι.
839 2777 872 2810 ιι.
894 2761 977 2811 dbers.
1005 2777 1052 2810 von
1070 2761 1203 2817 Meuudicr

91 2889 97 2897 Ι
134 2830 197 2880 oder
225 2829 421 2890 huweuduugeu
445 2829 490 2877 der
519 2827 645 2902 allgemei·
687 2827 753 2880 llS
775 2830 815 2881 62.

134 2897 271 2947 neuKrall
290 2897 352 2953 sind,
374 2897 414 2945 die
432 2890 584 2946 dieSloiker
600 2898 646 2946 der
720 2903 779 2965 frelo
798 2901 922 2949 Siciliensi.
951 2896 1035 2961 Pomp.
1049 2895 1107 2947 lllel.
1123 2896 1152 2955 ΙΙ,
1169 2900 1202 2948 t:

133 2964 208 3016 Welt
198 2954 351 3026 theilegeu,
379 2965 428 3014 uud
452 2965 511 3013 dass
530 2980 557 3014 es
575 2964 645 3014 uulo-
688 2969 714 3016 id
730 2975 854 3047 ιιιιιιιιιιιιιι
872 2974 893 3016 ιι
910 2983 992 3030 anceps
1017 2960 1104 3016 alterno
1133 2983 1205 3017 ιιιιιιι

134 3033 220 3095 giseh
221 3033 274 3089 sei,
306 3032 353 3081 aul
374 3033 419 3082 das
437 3032 590 3093 Allgemeine
610 3041 646 3082 et·
687 3037 799 3084 modom
818 3037 913 3084 Tuscum
929 3036 1024 3083 modo
1014 3050 1039 3083 m
1055 3035 1143 3091 lonium
1157 3051 1204 3098 pe-

133 3115 189 3150 wus
216 3096 368 3161 ribertrugeir
392 3116 423 3149 zu
448 3100 553 3158 wolleu,
591 3116 646 3150 was
688 3103 754 3164 lopus
770 3105 870 3166 perlicit.

134 3183 182 3216 nur
206 3166 230 3215 iu
255 3168 301 3216 der
318 3166 496 3230 Resohderung
519 3176 572 3217 erst
593 3177 647 3219 eut·
722 3172 837 3234 Europam
854 3171 1032 3232 libyamque-
1051 3164 1203 3217 Ausetano

135 3235 222 3286 stelen
239 3234 313 3283 kann.
689 3234 862 3284 nubelanuteu
879 3233 953 3282 Dicbt
943 3241 988 3291 t,er
1015 3234 1077 3283 cuch
1095 3231 1199 3283 Tuscul.

167 3300 214 3359 10.
235 3303 276 3352 24.
298 3307 358 3360 Quid
378 3305 508 3356 Chalcidico
521 3307 647 3370 Euripo*-
689 3301 708 3360 Ι,
730 3304 770 3360 20,
792 3305 824 3353 45
848 3301 989 3362 angeliihrt
1027 3301 1141 3352 Genieint
1167 3302 1204 3353 ist

134 3374 296 3423 constantius?
320 3369 437 3419 Daruber
461 3372 556 3420 mdchte
580 3370 646 3419 wohl
690 3370 735 3419 das
751 3377 835 3437 [retem
854 3373 997 3421 Gaditanum.
1096 3374 1101 3380 ’
1232 3423 1237 3433 ¹
1287 3378 1290 3384 '

134 3437 254 3492 Muneher
276 3439 384 3487 anderer
401 3438 505 3488 husieht
528 3453 645 3499 geweseu
723 3446 800 3489 cestus
816 3438 966 3488 maritimi-
986 3435 1011 3488 S.
1025 3453 1057 3486 zu
1072 3435 1102 3494 ll,
1117 3440 1140 3495 7,
1160 3439 1200 3490 19,

134 3505 211 3568 sein:
233 3506 296 3554 deun
326 3506 366 3555 die
393 3505 647 3568 Uuregelmdssiglreit
723 3508 845 3570 consopitis
870 3509 899 3556 nd
930 3509 1004 3556 deam.
1040 3503 1110 3555 Wer
1138 3504 1205 3555 aber

135 3573 227 3623 dert
199 3553 363 3636 Striimuugen
390 3575 434 3624 des
457 3574 566 3639 Euripus
589 3588 646 3623 war
688 3579 751 3633 sapt,
768 3571 827 3620 dass
840 3571 998 3635 dergleicben
1010 3587 1059 3623 rou
1074 3573 1120 3622 der
1131 3571 1202 3632 blind

132 3641 340 3708 spriehwdrtlich.
378 3641 435 3704 Vgl.
464 3640 528 3690 Plat.
548 3641 641 3690 Phaed.
687 3639 737 3688 und
760 3639 910 3690 bewusstlos
934 3639 1092 3690 sehnffendeu
1117 3628 1203 3691 Natur

148 3658 258 3760 P.90C
284 3708 431 3773 Diogeuiuu.
451 3708 524 3758 Prov.
544 3706 595 3765 ΙΙΙ,
601 3711 642 3760 39.
687 3709 718 3769 (s.
743 3722 774 3755 zu
779 3705 828 3765 ΙΙ,
856 3710 896 3766 32,
923 3710 965 3769 81)
984 3723 1011 3757 so
1035 3708 1203 3770 cingeriehtet

132 3725 228 3833 ihil.
248 3774 315 3826 Doch
334 3778 412 3827 findet
418 3776 564 3843 allerdings
582 3777 644 3825 auch
688 3774 737 3832 sci,
766 3775 812 3825 der
835 3776 903 3839 giebt
929 3775 996 3825 nieht
1013 3791 1053 3824 um
1071 3775 1111 3825 eiu
1130 3776 1203 3826 Ηιιιιι

135 3844 160 3893 in
191 3843 275 3893 dieser
302 3834 556 3908 Unregeb'neissiglreit
583 3845 645 3894 doch
686 3814 754 3892 broit
770 3844 1032 3894 mehullecbeascbal't
1050 3844 1139 3902 duvou,
1161 3843 1202 3894 als

134 3911 233 3962 wieder
258 3911 298 3961 ein
315 3912 507 3992 regehpiissiger
523 3906 647 3965 Wechsel
687 3925 743 3960 wer
766 3911 805 3961 die
823 3911 953 3973 Wirkuug
976 3911 1045 3962 eines
1063 3911 1200 3974 gdttliehen

125 3987 199 4037 statt,
234 3979 283 4029 wie
299 3979 405 4030 Bnbin'
399 3996 422 4030 ιι
449 3981 529 4030 einern
547 3979 646 4030 Sohrci-
689 3977 809 4031 Gesetzes
834 3980 906 4031 dariu
929 3979 1015 4029 findet
1052 3978 1128 4030 Lissi
1145 3980 1200 4030 sich
