<?xml version="1.0" encoding="UTF-8"?>
<!DOCTYPE html PUBLIC "-//W3C//DTD XHTML 1.0 Transitional//EN"
    "http://www.w3.org/TR/xhtml1/DTD/xhtml1-transitional.dtd">
<html xmlns="http://www.w3.org/1999/xhtml" xml:lang="en" lang="en">
 <head>
  <title>
</title>
<meta http-equiv="Content-Type" content="text/html;charset=utf-8" />
  <meta name='ocr-system' content='tesseract 3.04.00' />
  <meta name='ocr-capabilities' content='ocr_page ocr_carea ocr_par ocr_line ocrx_word'/>
</head>
<body>
  <div class='ocr_page' id='page_1' title='image "./mtulliciceronis07cicegoog/mtulliciceronis07cicegoog_0240.png"; bbox 0 0 2640 4418; ppageno 0'>
   <div class='ocr_carea' id='block_1_1' title="bbox 472 322 1208 400">
    <p class='ocr_par' dir='ltr' id='par_1_1' title="bbox 472 322 1208 400">
     <span class='ocr_line' id='line_1_1' title="bbox 472 322 1208 400; baseline 0 -1"><span class='ocrx_word' id='word_1_1' title='bbox 472 347 535 399; x_wconf 84' lang='lat' dir='ltr'>mn.</span> <span class='ocrx_word' id='word_1_2' title='bbox 551 322 598 399; x_wconf 89' lang='lat' dir='ltr'>in.</span> <span class='ocrx_word' id='word_1_3' title='bbox 618 347 690 399; x_wconf 77' lang='lat' dir='ltr'>cte.</span> <span class='ocrx_word' id='word_1_4' title='bbox 711 350 753 400; x_wconf 84' lang='lat' dir='ltr'>aa.</span> <span class='ocrx_word' id='word_1_5' title='bbox 770 349 811 400; x_wconf 80' lang='lat' dir='ltr'>ao.</span> <span class='ocrx_word' id='word_1_6' title='bbox 831 350 874 400; x_wconf 79' lang='lat' dir='ltr'>aa.</span> <span class='ocrx_word' id='word_1_7' title='bbox 1144 337 1208 400; x_wconf 72' lang='lat'>229</span> 
     </span>
    </p>
   </div>
   <div class='ocr_carea' id='block_1_2' title="bbox 82 501 1308 2790">
    <p class='ocr_par' dir='ltr' id='par_1_2' title="bbox 136 501 1210 582">
     <span class='ocr_line' id='line_1_2' title="bbox 136 501 1210 582; baseline -0.002 -15"><span class='ocrx_word' id='word_1_8' title='bbox 136 505 273 567; x_wconf 77' lang='lat' dir='ltr'>vorabat:</span> <span class='ocrx_word' id='word_1_9' title='bbox 308 503 359 582; x_wconf 91' lang='lat' dir='ltr'>qui</span> <span class='ocrx_word' id='word_1_10' title='bbox 392 520 483 581; x_wconf 86' lang='lat' dir='ltr'>quum</span> <span class='ocrx_word' id='word_1_11' title='bbox 505 503 542 564; x_wconf 92' lang='lat' dir='ltr'>ad</span> <span class='ocrx_word' id='word_1_12' title='bbox 563 502 587 562; x_wconf 92' lang='lat' dir='ltr'><strong>P</strong></span> <span class='ocrx_word' id='word_1_13' title='bbox 606 501 804 581; x_wconf 92' lang='lat' dir='ltr'>loponnesum</span> <span class='ocrx_word' id='word_1_14' title='bbox 828 502 956 564; x_wconf 81' lang='lat' dir='ltr'><strong>classem</strong></span> <span class='ocrx_word' id='word_1_15' title='bbox 984 501 1152 582; x_wconf 82' lang='lat' dir='ltr'><strong>appulisset</strong></span> <span class='ocrx_word' id='word_1_16' title='bbox 1178 512 1210 566; x_wconf 88' lang='lat' dir='ltr'>et</span> 
     </span>
    </p>

    <p class='ocr_par' dir='ltr' id='par_1_3' title="bbox 83 521 1308 1936">
     <span class='ocr_line' id='line_1_3' title="bbox 83 521 1208 666; baseline -0.002 -14"><span class='ocrx_word' id='word_1_17' title='bbox 83 586 86 596; x_wconf 84' lang='lat'>&#39;</span> <span class='ocrx_word' id='word_1_18' title='bbox 137 591 173 653; x_wconf 82' lang='lat' dir='ltr'>iu&#39;</span> <span class='ocrx_word' id='word_1_19' title='bbox 190 591 293 652; x_wconf 92' lang='lat' dir='ltr'>lanum</span> <span class='ocrx_word' id='word_1_20' title='bbox 314 588 447 650; x_wconf 88' lang='lat' dir='ltr'>venisset</span> <span class='ocrx_word' id='word_1_21' title='bbox 466 587 547 648; x_wconf 88' lang='lat' dir='ltr'>lovis</span> <span class='ocrx_word' id='word_1_22' title='bbox 571 521 717 666; x_wconf 80' lang='lat' dir='ltr'>Olympii,</span> <span class='ocrx_word' id='word_1_23' title='bbox 746 605 871 649; x_wconf 91' lang='lat' dir='ltr'>auream</span> <span class='ocrx_word' id='word_1_24' title='bbox 893 587 921 648; x_wconf 92' lang='lat' dir='ltr'>ei</span> <span class='ocrx_word' id='word_1_25' title='bbox 944 586 1073 648; x_wconf 80' lang='lat' dir='ltr'>detraxit</span> <span class='ocrx_word' id='word_1_26' title='bbox 1094 589 1208 650; x_wconf 89' lang='lat' dir='ltr'>amicu-</span> 
     </span>
     <span class='ocr_line' id='line_1_4' title="bbox 136 672 1297 752; baseline 0 -16"><span class='ocrx_word' id='word_1_27' title='bbox 136 676 198 736; x_wconf 92' lang='lat' dir='ltr'>lam</span> <span class='ocrx_word' id='word_1_28' title='bbox 227 672 331 752; x_wconf 82' lang='lat' dir='ltr'>grandi</span> <span class='ocrx_word' id='word_1_29' title='bbox 359 672 512 752; x_wconf 89' lang='lat' dir='ltr'>pondere,</span> <span class='ocrx_word' id='word_1_30' title='bbox 543 690 603 751; x_wconf 89' lang='lat' dir='ltr'>quo</span> <span class='ocrx_word' id='word_1_31' title='bbox 636 674 735 734; x_wconf 91' lang='lat' dir='ltr'>lovem</span> <span class='ocrx_word' id='word_1_32' title='bbox 758 681 880 734; x_wconf 83' lang='lat' dir='ltr'>ornarat</span> <span class='ocrx_word' id='word_1_33' title='bbox 902 691 946 733; x_wconf 84' lang='lat' dir='ltr'>ex·</span> <span class='ocrx_word' id='word_1_34' title='bbox 960 672 1111 734; x_wconf 89' lang='lat' dir='ltr'>manubiis</span> <span class='ocrx_word' id='word_1_35' title='bbox 1132 674 1232 736; x_wconf 73' lang='lat' dir='ltr'>Kar.</span> <span class='ocrx_word' id='word_1_36' title='bbox 1292 684 1297 697; x_wconf 84' lang='lat'><strong><em>¹</em></strong></span> 
     </span>
     <span class='ocr_line' id='line_1_5' title="bbox 137 755 1208 838; baseline -0.002 -16"><span class='ocrx_word' id='word_1_37' title='bbox 137 757 370 838; x_wconf 83' lang='lat' dir='ltr'>thaginiensium</span> <span class='ocrx_word' id='word_1_38' title='bbox 391 765 533 837; x_wconf 81' lang='lat' dir='ltr'>tyrannus</span> <span class='ocrx_word' id='word_1_39' title='bbox 551 755 658 817; x_wconf 82' lang='lat' dir='ltr'>Hiero.</span> <span class='ocrx_word' id='word_1_40' title='bbox 700 756 799 836; x_wconf 81' lang='lat' dir='ltr'><strong>Atque</strong></span> <span class='ocrx_word' id='word_1_41' title='bbox 821 758 852 819; x_wconf 93' lang='lat' dir='ltr'>in</span> <span class='ocrx_word' id='word_1_42' title='bbox 880 776 916 818; x_wconf 90' lang='lat' dir='ltr'>eo</span> <span class='ocrx_word' id='word_1_43' title='bbox 939 756 1030 817; x_wconf 91' lang='lat' dir='ltr'>etiam</span> <span class='ocrx_word' id='word_1_44' title='bbox 1050 757 1208 820; x_wconf 88' lang='lat' dir='ltr'>cavillatus</span> 
     </span>
     <span class='ocr_line' id='line_1_6' title="bbox 137 841 1207 920; baseline -0.003 -14"><span class='ocrx_word' id='word_1_45' title='bbox 137 853 198 918; x_wconf 88' lang='lat' dir='ltr'>est,</span> <span class='ocrx_word' id='word_1_46' title='bbox 232 850 344 904; x_wconf 76' lang='lat' dir='ltr'>aestate</span> <span class='ocrx_word' id='word_1_47' title='bbox 373 858 460 920; x_wconf 85' lang='lat' dir='ltr'>grave</span> <span class='ocrx_word' id='word_1_48' title='bbox 488 859 556 901; x_wconf 92' lang='lat' dir='ltr'>esse</span> <span class='ocrx_word' id='word_1_49' title='bbox 584 859 708 902; x_wconf 93' lang='lat' dir='ltr'>aureum</span> <span class='ocrx_word' id='word_1_50' title='bbox 735 842 911 914; x_wconf 89' lang='lat' dir='ltr'>amiculum,</span> <span class='ocrx_word' id='word_1_51' title='bbox 933 841 1033 904; x_wconf 89' lang='lat' dir='ltr'>bieme</span> <span class='ocrx_word' id='word_1_52' title='bbox 1055 842 1207 920; x_wconf 80' lang='lat' dir='ltr'>frigidum,</span> 
     </span>
     <span class='ocr_line' id='line_1_7' title="bbox 136 924 1209 1008; baseline -0.001 -17"><span class='ocrx_word' id='word_1_53' title='bbox 136 928 224 1008; x_wconf 93' lang='lat' dir='ltr'>eique</span> <span class='ocrx_word' id='word_1_54' title='bbox 246 927 365 1003; x_wconf 90' lang='lat' dir='ltr'>laneum</span> <span class='ocrx_word' id='word_1_55' title='bbox 386 924 512 1004; x_wconf 91' lang='lat' dir='ltr'>palliam</span> <span class='ocrx_word' id='word_1_56' title='bbox 533 925 653 998; x_wconf 89' lang='lat' dir='ltr'>iniecit,</span> <span class='ocrx_word' id='word_1_57' title='bbox 676 944 768 1005; x_wconf 91' lang='lat' dir='ltr'>quum</span> <span class='ocrx_word' id='word_1_58' title='bbox 789 927 820 987; x_wconf 88' lang='lat' dir='ltr'>id</span> <span class='ocrx_word' id='word_1_59' title='bbox 843 944 911 988; x_wconf 90' lang='lat' dir='ltr'>esse</span> <span class='ocrx_word' id='word_1_60' title='bbox 933 936 1035 1004; x_wconf 89' lang='lat' dir='ltr'>aptam</span> <span class='ocrx_word' id='word_1_61' title='bbox 1059 928 1097 988; x_wconf 92' lang='lat' dir='ltr'>ad</span> <span class='ocrx_word' id='word_1_62' title='bbox 1120 946 1209 990; x_wconf 91' lang='lat' dir='ltr'>omne</span> 
     </span>
     <span class='ocr_line' id='line_1_8' title="bbox 136 1008 1209 1091; baseline -0.003 -15"><span class='ocrx_word' id='word_1_63' title='bbox 136 1013 206 1076; x_wconf 90' lang='lat' dir='ltr'>anni</span> <span class='ocrx_word' id='word_1_64' title='bbox 233 1021 353 1090; x_wconf 87' lang='lat' dir='ltr'>tempas</span> <span class='ocrx_word' id='word_1_65' title='bbox 379 1009 503 1071; x_wconf 84' lang='lat' dir='ltr'>diceret</span> <span class='ocrx_word' id='word_1_66' title='bbox 545 1008 689 1091; x_wconf 88' lang='lat' dir='ltr'>ldemqae</span> <span class='ocrx_word' id='word_1_67' title='bbox 716 1011 887 1090; x_wconf 80' lang='lat' dir='ltr'>Aesculapii</span> <span class='ocrx_word' id='word_1_68' title='bbox 908 1010 1055 1089; x_wconf 83' lang='lat' dir='ltr'>Epidauri</span> <span class='ocrx_word' id='word_1_69' title='bbox 1084 1011 1209 1073; x_wconf 87' lang='lat' dir='ltr'>barbam</span> 
     </span>
     <span class='ocr_line' id='line_1_9' title="bbox 135 1093 1308 1174; baseline -0.002 -14"><span class='ocrx_word' id='word_1_70' title='bbox 135 1116 257 1160; x_wconf 86' lang='lat' dir='ltr'>auream</span> <span class='ocrx_word' id='word_1_71' title='bbox 285 1094 365 1159; x_wconf 93' lang='lat' dir='ltr'>demi</span> <span class='ocrx_word' id='word_1_72' title='bbox 392 1093 492 1157; x_wconf 87' lang='lat' dir='ltr'>iussit.</span> <span class='ocrx_word' id='word_1_73' title='bbox 515 1093 639 1174; x_wconf 71' lang='lat' dir='ltr'>..ltaque</span> <span class='ocrx_word' id='word_1_74' title='bbox 668 1095 748 1157; x_wconf 89' lang='lat' dir='ltr'>enim</span> <span class='ocrx_word' id='word_1_75' title='bbox 777 1095 939 1158; x_wconf 85' lang='lat' dir='ltr'>convenire</span> <span class='ocrx_word' id='word_1_76' title='bbox 959 1095 1117 1156; x_wconf 87' lang='lat' dir='ltr'>barbatam</span> <span class='ocrx_word' id='word_1_77' title='bbox 1139 1116 1208 1158; x_wconf 91' lang='lat' dir='ltr'>esse</span> <span class='ocrx_word' id='word_1_78' title='bbox 1299 1130 1308 1150; x_wconf 61' lang='grc' dir='ltr'>ι</span> 
     </span>
     <span class='ocr_line' id='line_1_10' title="bbox 134 1179 1253 1261; baseline -0.003 -17"><span class='ocrx_word' id='word_1_79' title='bbox 134 1182 246 1254; x_wconf 87' lang='lat' dir='ltr'>filium,</span> <span class='ocrx_word' id='word_1_80' title='bbox 277 1198 368 1260; x_wconf 89' lang='lat' dir='ltr'>quum</span> <span class='ocrx_word' id='word_1_81' title='bbox 396 1179 428 1241; x_wconf 93' lang='lat' dir='ltr'>in</span> <span class='ocrx_word' id='word_1_82' title='bbox 449 1179 692 1255; x_wconf 83' lang='lat' dir='ltr'>omnibus-lanis</span> <span class='ocrx_word' id='word_1_83' title='bbox 710 1188 800 1261; x_wconf 85' lang='lat' dir='ltr'>pater</span> <span class='ocrx_word' id='word_1_84' title='bbox 821 1179 966 1241; x_wconf 87' lang='lat' dir='ltr'>imberbis</span> <span class='ocrx_word' id='word_1_85' title='bbox 990 1188 1080 1242; x_wconf 87' lang='lat' dir='ltr'>esset.</span> <span class='ocrx_word' id='word_1_86' title='bbox 1113 1181 1207 1259; x_wconf 42' lang='lat' dir='ltr'>..ldem</span> <span class='ocrx_word' id='word_1_87' title='bbox 1221 1191 1253 1241; x_wconf 84' lang='lat'>84</span> 
     </span>
     <span class='ocr_line' id='line_1_11' title="bbox 133 1263 1208 1347; baseline -0.002 -17"><span class='ocrx_word' id='word_1_88' title='bbox 133 1285 255 1330; x_wconf 89' lang='lat' dir='ltr'>mensas</span> <span class='ocrx_word' id='word_1_89' title='bbox 277 1270 434 1342; x_wconf 80' lang='lat' dir='ltr'>argenteas</span> <span class='ocrx_word' id='word_1_90' title='bbox 457 1263 655 1347; x_wconf 34' lang='lat' dir='ltr'>desomnibus</span> <span class='ocrx_word' id='word_1_91' title='bbox 677 1264 811 1326; x_wconf 91' lang='lat' dir='ltr'>delubris</span> <span class='ocrx_word' id='word_1_92' title='bbox 834 1265 921 1326; x_wconf 92' lang='lat' dir='ltr'>iussit</span> <span class='ocrx_word' id='word_1_93' title='bbox 939 1265 1063 1337; x_wconf 84' lang='lat' dir='ltr'>auferri,</span> <span class='ocrx_word' id='word_1_94' title='bbox 1086 1265 1119 1324; x_wconf 95' lang='lat' dir='ltr'>in</span> <span class='ocrx_word' id='word_1_95' title='bbox 1142 1267 1208 1344; x_wconf 86' lang='lat' dir='ltr'>qai-</span> 
     </span>
     <span class='ocr_line' id='line_1_12' title="bbox 135 1348 1209 1430; baseline -0.002 -16"><span class='ocrx_word' id='word_1_96' title='bbox 135 1352 192 1414; x_wconf 93' lang='lat' dir='ltr'>bus</span> <span class='ocrx_word' id='word_1_97' title='bbox 221 1349 300 1430; x_wconf 86' lang='lat' dir='ltr'>quod</span> <span class='ocrx_word' id='word_1_98' title='bbox 334 1366 418 1409; x_wconf 91' lang='lat' dir='ltr'>more</span> <span class='ocrx_word' id='word_1_99' title='bbox 444 1348 553 1409; x_wconf 89' lang='lat' dir='ltr'>veteris</span> <span class='ocrx_word' id='word_1_100' title='bbox 564 1348 720 1412; x_wconf 59' lang='lat' dir='ltr'>tGraeciae</span> <span class='ocrx_word' id='word_1_101' title='bbox 748 1350 927 1428; x_wconf 90' lang='lat' dir='ltr'>inscriptam</span> <span class='ocrx_word' id='word_1_102' title='bbox 956 1359 1038 1411; x_wconf 91' lang='lat' dir='ltr'>esset</span> <span class='ocrx_word' id='word_1_103' title='bbox 1070 1369 1209 1412; x_wconf 84' lang='lat' dir='ltr'>aoaonuat</span> 
     </span>
     <span class='ocr_line' id='line_1_13' title="bbox 134 1432 1209 1511; baseline -0.003 -14"><span class='ocrx_word' id='word_1_104' title='bbox 134 1453 272 1507; x_wconf 81' lang='lat' dir='ltr'>ananan,</span> <span class='ocrx_word' id='word_1_105' title='bbox 309 1432 352 1493; x_wconf 94' lang='lat' dir='ltr'>uti</span> <span class='ocrx_word' id='word_1_106' title='bbox 385 1451 552 1511; x_wconf 81' lang='lat' dir='ltr'>seeorum</span> <span class='ocrx_word' id='word_1_107' title='bbox 574 1433 707 1496; x_wconf 90' lang='lat' dir='ltr'>bonitate</span> <span class='ocrx_word' id='word_1_108' title='bbox 729 1434 804 1496; x_wconf 87' lang='lat' dir='ltr'>velle</span> <span class='ocrx_word' id='word_1_109' title='bbox 828 1434 958 1499; x_wconf 80' lang='lat' dir='ltr'>dicebat.</span> <span class='ocrx_word' id='word_1_110' title='bbox 1002 1434 1083 1495; x_wconf 88' lang='lat' dir='ltr'>ldem</span> <span class='ocrx_word' id='word_1_111' title='bbox 1107 1435 1209 1495; x_wconf 88' lang='lat' dir='ltr'>Victo-</span> 
     </span>
     <span class='ocr_line' id='line_1_14' title="bbox 133 1518 1208 1599; baseline -0.001 -19"><span class='ocrx_word' id='word_1_112' title='bbox 133 1519 227 1580; x_wconf 85' lang='lat' dir='ltr'>riolas</span> <span class='ocrx_word' id='word_1_113' title='bbox 249 1536 354 1579; x_wconf 90' lang='lat' dir='ltr'>aureas</span> <span class='ocrx_word' id='word_1_114' title='bbox 376 1526 406 1578; x_wconf 91' lang='lat' dir='ltr'>et</span> <span class='ocrx_word' id='word_1_115' title='bbox 425 1527 546 1597; x_wconf 88' lang='lat' dir='ltr'>pateras</span> <span class='ocrx_word' id='word_1_116' title='bbox 569 1526 599 1577; x_wconf 91' lang='lat' dir='ltr'>et</span> <span class='ocrx_word' id='word_1_117' title='bbox 620 1537 762 1597; x_wconf 84' lang='lat' dir='ltr'>coronas,</span> <span class='ocrx_word' id='word_1_118' title='bbox 787 1538 863 1599; x_wconf 90' lang='lat' dir='ltr'>quae</span> <span class='ocrx_word' id='word_1_119' title='bbox 887 1518 1116 1580; x_wconf 81' lang='lat' dir='ltr'>simulacrorum</span> <span class='ocrx_word' id='word_1_120' title='bbox 1137 1539 1208 1598; x_wconf 92' lang='lat' dir='ltr'>por-</span> 
     </span>
     <span class='ocr_line' id='line_1_15' title="bbox 133 1599 1209 1684; baseline 0 -18"><span class='ocrx_word' id='word_1_121' title='bbox 133 1603 226 1666; x_wconf 90' lang='lat' dir='ltr'>rectis</span> <span class='ocrx_word' id='word_1_122' title='bbox 248 1601 387 1663; x_wconf 90' lang='lat' dir='ltr'>manibus</span> <span class='ocrx_word' id='word_1_123' title='bbox 410 1600 646 1675; x_wconf 85' lang='lat' dir='ltr'>sustinebantur,</span> <span class='ocrx_word' id='word_1_124' title='bbox 670 1603 736 1664; x_wconf 89' lang='lat' dir='ltr'>sine</span> <span class='ocrx_word' id='word_1_125' title='bbox 751 1599 940 1666; x_wconf 70' lang='lat' dir='ltr'>dubitatione</span> <span class='ocrx_word' id='word_1_126' title='bbox 966 1602 1091 1665; x_wconf 92' lang='lat' dir='ltr'>tollebat</span> <span class='ocrx_word' id='word_1_127' title='bbox 1113 1623 1209 1684; x_wconf 93' lang='lat' dir='ltr'>eaque</span> 
     </span>
     <span class='ocr_line' id='line_1_16' title="bbox 134 1684 1209 1766; baseline -0.001 -15"><span class='ocrx_word' id='word_1_128' title='bbox 134 1707 169 1751; x_wconf 93' lang='lat' dir='ltr'>se</span> <span class='ocrx_word' id='word_1_129' title='bbox 191 1687 346 1766; x_wconf 88' lang='lat' dir='ltr'>accipere,</span> <span class='ocrx_word' id='word_1_130' title='bbox 380 1704 441 1748; x_wconf 91' lang='lat' dir='ltr'>non</span> <span class='ocrx_word' id='word_1_131' title='bbox 469 1687 586 1755; x_wconf 82' lang='lat' dir='ltr'>auferre</span> <span class='ocrx_word' id='word_1_132' title='bbox 615 1684 743 1749; x_wconf 88' lang='lat' dir='ltr'>dicebat.</span> <span class='ocrx_word' id='word_1_133' title='bbox 787 1688 863 1750; x_wconf 91' lang='lat' dir='ltr'>Esse</span> <span class='ocrx_word' id='word_1_134' title='bbox 886 1689 966 1750; x_wconf 90' lang='lat' dir='ltr'>enim</span> <span class='ocrx_word' id='word_1_135' title='bbox 989 1688 1161 1761; x_wconf 89' lang='lat' dir='ltr'>stultitiam,</span> <span class='ocrx_word' id='word_1_136' title='bbox 1192 1709 1209 1750; x_wconf 94' lang='lat' dir='ltr'>a</span> 
     </span>
     <span class='ocr_line' id='line_1_17' title="bbox 134 1770 1208 1853; baseline 0.001 -20"><span class='ocrx_word' id='word_1_137' title='bbox 134 1773 244 1853; x_wconf 87' lang='lat' dir='ltr'>quibus</span> <span class='ocrx_word' id='word_1_138' title='bbox 272 1772 352 1833; x_wconf 92' lang='lat' dir='ltr'>bona</span> <span class='ocrx_word' id='word_1_139' title='bbox 379 1789 586 1853; x_wconf 81' lang='lat' dir='ltr'>precaremur,</span> <span class='ocrx_word' id='word_1_140' title='bbox 623 1770 660 1832; x_wconf 92' lang='lat' dir='ltr'>ab</span> <span class='ocrx_word' id='word_1_141' title='bbox 688 1770 727 1830; x_wconf 87' lang='lat' dir='ltr'>iis</span> <span class='ocrx_word' id='word_1_142' title='bbox 756 1773 983 1850; x_wconf 81' lang='lat' dir='ltr'>porrigentibus</span> <span class='ocrx_word' id='word_1_143' title='bbox 1014 1772 1044 1834; x_wconf 85' lang='lat' dir='ltr'>et¹</span> <span class='ocrx_word' id='word_1_144' title='bbox 1066 1774 1208 1835; x_wconf 88' lang='lat' dir='ltr'>dantibus</span> 
     </span>
     <span class='ocr_line' id='line_1_18' title="bbox 123 1856 1208 1936; baseline -0.001 -17"><span class='ocrx_word' id='word_1_145' title='bbox 123 1858 215 1919; x_wconf 85' lang='lat' dir='ltr'>¹nolle</span> <span class='ocrx_word' id='word_1_146' title='bbox 243 1874 373 1918; x_wconf 88' lang='lat' dir='ltr'>sumere.</span> <span class='ocrx_word' id='word_1_147' title='bbox 414 1856 612 1934; x_wconf 81' lang='lat' dir='ltr'>Eandemque</span> <span class='ocrx_word' id='word_1_148' title='bbox 639 1856 742 1917; x_wconf 83' lang='lat' dir='ltr'>lerunt</span> <span class='ocrx_word' id='word_1_149' title='bbox 770 1856 847 1917; x_wconf 92' lang='lat' dir='ltr'>baec</span> <span class='ocrx_word' id='word_1_150' title='bbox 876 1858 993 1929; x_wconf 89' lang='lat' dir='ltr'>omnia,</span> <span class='ocrx_word' id='word_1_151' title='bbox 1031 1876 1108 1936; x_wconf 90' lang='lat' dir='ltr'>quae</span> <span class='ocrx_word' id='word_1_152' title='bbox 1138 1858 1208 1931; x_wconf 82' lang='lat' dir='ltr'>dixi,</span> 
     </span>
    </p>

    <p class='ocr_par' dir='ltr' id='par_1_4' title="bbox 82 1939 1300 2790">
     <span class='ocr_line' id='line_1_19' title="bbox 82 1939 1208 2020; baseline 0 -17"><span class='ocrx_word' id='word_1_153' title='bbox 82 1988 88 2009; x_wconf 71' lang='grc'>,</span> <span class='ocrx_word' id='word_1_154' title='bbox 135 1942 254 2004; x_wconf 94' lang='lat' dir='ltr'>sublata</span> <span class='ocrx_word' id='word_1_155' title='bbox 276 1941 312 2002; x_wconf 93' lang='lat' dir='ltr'>de</span> <span class='ocrx_word' id='word_1_156' title='bbox 334 1939 414 2001; x_wconf 86' lang='lat' dir='ltr'>fanis</span> <span class='ocrx_word' id='word_1_157' title='bbox 436 1941 468 2002; x_wconf 91' lang='lat' dir='ltr'>in</span> <span class='ocrx_word' id='word_1_158' title='bbox 490 1941 589 2001; x_wconf 86' lang='lat' dir='ltr'>forum</span> <span class='ocrx_word' id='word_1_159' title='bbox 612 1939 776 2018; x_wconf 89' lang='lat' dir='ltr'>protulisse</span> <span class='ocrx_word' id='word_1_160' title='bbox 806 1950 835 2001; x_wconf 90' lang='lat' dir='ltr'>et</span> <span class='ocrx_word' id='word_1_161' title='bbox 857 1960 912 2020; x_wconf 92' lang='lat' dir='ltr'>per</span> <span class='ocrx_word' id='word_1_162' title='bbox 933 1959 1113 2020; x_wconf 86' lang='lat' dir='ltr'>praeconem</span> <span class='ocrx_word' id='word_1_163' title='bbox 1136 1956 1208 2003; x_wconf 87' lang='lat' dir='ltr'>ren-</span> 
     </span>
     <span class='ocr_line' id='line_1_20' title="bbox 134 2023 1209 2106; baseline 0 -18"><span class='ocrx_word' id='word_1_164' title='bbox 134 2026 265 2099; x_wconf 88' lang='lat' dir='ltr'>didisse,</span> <span class='ocrx_word' id='word_1_165' title='bbox 303 2034 467 2104; x_wconf 86' lang='lat' dir='ltr'>exactaque</span> <span class='ocrx_word' id='word_1_166' title='bbox 493 2023 622 2103; x_wconf 89' lang='lat' dir='ltr'>pecunia</span> <span class='ocrx_word' id='word_1_167' title='bbox 653 2023 802 2105; x_wconf 82' lang='lat' dir='ltr'>edixisse,</span> <span class='ocrx_word' id='word_1_168' title='bbox 841 2032 895 2101; x_wconf 78' lang='lat' dir='ltr'>ut,&#39;</span> <span class='ocrx_word' id='word_1_169' title='bbox 929 2026 1010 2104; x_wconf 93' lang='lat' dir='ltr'>quod</span> <span class='ocrx_word' id='word_1_170' title='bbox 1039 2025 1209 2106; x_wconf 87' lang='lat' dir='ltr'>qaisquea</span> 
     </span>
     <span class='ocr_line' id='line_1_21' title="bbox 134 2108 1209 2189; baseline -0.001 -16"><span class='ocrx_word' id='word_1_171' title='bbox 134 2111 230 2173; x_wconf 90' lang='lat' dir='ltr'>sacris</span> <span class='ocrx_word' id='word_1_172' title='bbox 252 2109 385 2182; x_wconf 89' lang='lat' dir='ltr'>haberet,</span> <span class='ocrx_word' id='word_1_173' title='bbox 411 2109 440 2170; x_wconf 94' lang='lat' dir='ltr'>id</span> <span class='ocrx_word' id='word_1_174' title='bbox 463 2118 532 2181; x_wconf 78' lang='lat' dir='ltr'>ante</span> <span class='ocrx_word' id='word_1_175' title='bbox 554 2108 634 2170; x_wconf 90' lang='lat' dir='ltr'>diem</span> <span class='ocrx_word' id='word_1_176' title='bbox 656 2117 768 2171; x_wconf 90' lang='lat' dir='ltr'>certam</span> <span class='ocrx_word' id='word_1_177' title='bbox 791 2109 822 2171; x_wconf 91' lang='lat' dir='ltr'>in</span> <span class='ocrx_word' id='word_1_178' title='bbox 845 2129 933 2171; x_wconf 88' lang='lat' dir='ltr'>suam</span> <span class='ocrx_word' id='word_1_179' title='bbox 949 2110 1090 2189; x_wconf 87' lang='lat' dir='ltr'>quodque</span> <span class='ocrx_word' id='word_1_180' title='bbox 1106 2111 1209 2172; x_wconf 87' lang='lat' dir='ltr'>fanum</span> 
     </span>
     <span class='ocr_line' id='line_1_22' title="bbox 132 2193 1209 2274; baseline -0.001 -17"><span class='ocrx_word' id='word_1_181' title='bbox 132 2197 285 2259; x_wconf 78' lang='lat' dir='ltr'>referret.&#39;</span> <span class='ocrx_word' id='word_1_182' title='bbox 315 2195 358 2256; x_wconf 87' lang='lat' dir='ltr'>lta</span> <span class='ocrx_word' id='word_1_183' title='bbox 393 2194 430 2255; x_wconf 90' lang='lat' dir='ltr'>ad</span> <span class='ocrx_word' id='word_1_184' title='bbox 457 2194 643 2274; x_wconf 87' lang='lat' dir='ltr'>impietatem</span> <span class='ocrx_word' id='word_1_185' title='bbox 677 2193 709 2255; x_wconf 89' lang='lat' dir='ltr'>in</span> <span class='ocrx_word' id='word_1_186' title='bbox 738 2194 812 2257; x_wconf 89' lang='lat' dir='ltr'>deos</span> <span class='ocrx_word' id='word_1_187' title='bbox 845 2194 876 2255; x_wconf 95' lang='lat' dir='ltr'>in</span> <span class='ocrx_word' id='word_1_188' title='bbox 904 2195 1043 2256; x_wconf 94' lang='lat' dir='ltr'>bomines</span> <span class='ocrx_word' id='word_1_189' title='bbox 1073 2195 1209 2256; x_wconf 87' lang='lat' dir='ltr'>adiunxit</span> 
     </span>
     <span class='ocr_line' id='line_1_23' title="bbox 133 2275 1265 2359; baseline 0.004 -18"><span class='ocrx_word' id='word_1_190' title='bbox 133 2280 287 2341; x_wconf 88' lang='lat' dir='ltr'>iniuriam·</span> <span class='ocrx_word' id='word_1_191' title='bbox 329 2279 416 2340; x_wconf 90' lang='lat' dir='ltr'>Hunc</span> <span class='ocrx_word' id='word_1_192' title='bbox 449 2279 540 2357; x_wconf 82' lang='lat' dir='ltr'>igitur</span> <span class='ocrx_word' id='word_1_193' title='bbox 570 2297 627 2339; x_wconf 90' lang='lat' dir='ltr'>nec</span> <span class='ocrx_word' id='word_1_194' title='bbox 651 2278 804 2358; x_wconf 80' lang='lat' dir='ltr'>Olympius</span> <span class='ocrx_word' id='word_1_195' title='bbox 826 2279 962 2358; x_wconf 91' lang='lat' dir='ltr'>luppiter</span> <span class='ocrx_word' id='word_1_196' title='bbox 988 2279 1115 2341; x_wconf 86' lang='lat' dir='ltr'>fulmine</span> <span class='ocrx_word' id='word_1_197' title='bbox 1136 2299 1205 2359; x_wconf 90' lang='lat' dir='ltr'>per·</span> <span class='ocrx_word' id='word_1_198' title='bbox 1221 2275 1265 2346; x_wconf 79' lang='grc'>35</span> 
     </span>
     <span class='ocr_line' id='line_1_24' title="bbox 134 2360 1209 2449; baseline -0.001 -23"><span class='ocrx_word' id='word_1_199' title='bbox 134 2364 238 2437; x_wconf 90' lang='lat' dir='ltr'>cussit,</span> <span class='ocrx_word' id='word_1_200' title='bbox 262 2382 319 2426; x_wconf 92' lang='lat' dir='ltr'>nec</span> <span class='ocrx_word' id='word_1_201' title='bbox 340 2363 537 2442; x_wconf 82' lang='lat' dir='ltr'>Aesculapius</span> <span class='ocrx_word' id='word_1_202' title='bbox 559 2364 670 2425; x_wconf 91' lang='lat' dir='ltr'>misero</span> <span class='ocrx_word' id='word_1_203' title='bbox 699 2360 899 2449; x_wconf 77' lang='lat' dir='ltr'>diuturnoque</span> <span class='ocrx_word' id='word_1_204' title='bbox 921 2363 1028 2424; x_wconf 92' lang='lat' dir='ltr'>morbo</span> <span class='ocrx_word' id='word_1_205' title='bbox 1050 2364 1209 2425; x_wconf 91' lang='lat' dir='ltr'>tabescen-</span> 
     </span>
     <span class='ocr_line' id='line_1_25' title="bbox 133 2442 1300 2527; baseline -0.001 -17"><span class='ocrx_word' id='word_1_206' title='bbox 133 2457 193 2510; x_wconf 92' lang='lat' dir='ltr'>tem</span> <span class='ocrx_word' id='word_1_207' title='bbox 215 2448 383 2519; x_wconf 84' lang='lat' dir='ltr'>interemit,</span> <span class='ocrx_word' id='word_1_208' title='bbox 418 2457 507 2527; x_wconf 89' lang='lat' dir='ltr'>atqae</span> <span class='ocrx_word' id='word_1_209' title='bbox 528 2447 562 2513; x_wconf 89' lang='lat' dir='ltr'>in</span> <span class='ocrx_word' id='word_1_210' title='bbox 583 2466 638 2509; x_wconf 90' lang='lat' dir='ltr'>sao</span> <span class='ocrx_word' id='word_1_211' title='bbox 667 2442 778 2509; x_wconf 88' lang='lat' dir='ltr'>lectulo</span> <span class='ocrx_word' id='word_1_212' title='bbox 815 2458 951 2510; x_wconf 91' lang='lat' dir='ltr'>mortuus</span> <span class='ocrx_word' id='word_1_213' title='bbox 980 2456 1010 2509; x_wconf 93' lang='lat' dir='ltr'>et</span> <span class='ocrx_word' id='word_1_214' title='bbox 1042 2448 1208 2527; x_wconf 92' lang='lat' dir='ltr'>impunitus</span> <span class='ocrx_word' id='word_1_215' title='bbox 1292 2460 1300 2469; x_wconf 77' lang='lat'><strong><em>‘</em></strong></span> 
     </span>
     <span class='ocr_line' id='line_1_26' title="bbox 133 2532 1207 2615; baseline -0.001 -20"><span class='ocrx_word' id='word_1_216' title='bbox 133 2551 207 2612; x_wconf 81' lang='lat' dir='ltr'>rogo</span> <span class='ocrx_word' id='word_1_217' title='bbox 230 2533 329 2594; x_wconf 92' lang='lat' dir='ltr'>illatas</span> <span class='ocrx_word' id='word_1_218' title='bbox 352 2540 413 2607; x_wconf 86' lang='lat' dir='ltr'>est,</span> <span class='ocrx_word' id='word_1_219' title='bbox 447 2540 791 2615; x_wconf 89' lang='lat' dir='ltr'>eamquepotestatem‚</span> <span class='ocrx_word' id='word_1_220' title='bbox 825 2552 912 2613; x_wconf 89' lang='lat' dir='ltr'>quam</span> <span class='ocrx_word' id='word_1_221' title='bbox 943 2532 1008 2612; x_wconf 84' lang='lat' dir='ltr'>ipse</span> <span class='ocrx_word' id='word_1_222' title='bbox 1030 2539 1086 2612; x_wconf 86' lang='lat' dir='ltr'>pe&#39;r</span> <span class='ocrx_word' id='word_1_223' title='bbox 1108 2534 1207 2595; x_wconf 90' lang='lat' dir='ltr'>scelus</span> 
     </span>
     <span class='ocr_line' id='line_1_27' title="bbox 133 2617 1208 2697; baseline -0.001 -17"><span class='ocrx_word' id='word_1_224' title='bbox 133 2628 198 2681; x_wconf 88' lang='lat' dir='ltr'>erat</span> <span class='ocrx_word' id='word_1_225' title='bbox 219 2626 341 2687; x_wconf 85' lang='lat' dir='ltr'>nactus,</span> <span class='ocrx_word' id='word_1_226' title='bbox 374 2618 460 2697; x_wconf 89' lang='lat' dir='ltr'>quasi</span> <span class='ocrx_word' id='word_1_227' title='bbox 482 2618 591 2679; x_wconf 84' lang='lat' dir='ltr'>iustam</span> <span class='ocrx_word' id='word_1_228' title='bbox 613 2625 644 2678; x_wconf 90' lang='lat' dir='ltr'>et</span> <span class='ocrx_word' id='word_1_229' title='bbox 665 2617 829 2696; x_wconf 82' lang='lat' dir='ltr'>legitimam</span> <span class='ocrx_word' id='word_1_230' title='bbox 851 2617 1028 2681; x_wconf 91' lang='lat' dir='ltr'>hereditatis</span> <span class='ocrx_word' id='word_1_231' title='bbox 1056 2618 1123 2681; x_wconf 90' lang='lat' dir='ltr'>loco</span> <span class='ocrx_word' id='word_1_232' title='bbox 1146 2619 1208 2680; x_wconf 89' lang='lat' dir='ltr'>lilio</span> 
     </span>
     <span class='ocr_line' id='line_1_28' title="bbox 134 2698 1270 2790; baseline 0 -25"><span class='ocrx_word' id='word_1_233' title='bbox 134 2702 267 2766; x_wconf 89' lang='lat' dir='ltr'>tradidit.</span> <span class='ocrx_word' id='word_1_234' title='bbox 311 2703 406 2764; x_wconf 85' lang='lat' dir='ltr'>lnvita</span> <span class='ocrx_word' id='word_1_235' title='bbox 434 2698 547 2773; x_wconf 83' lang='lat' dir='ltr'>in&#39;boc</span> <span class='ocrx_word' id='word_1_236' title='bbox 576 2703 645 2763; x_wconf 94' lang='lat' dir='ltr'>loco</span> <span class='ocrx_word' id='word_1_237' title='bbox 674 2706 811 2765; x_wconf 83' lang='lat' dir='ltr'>versatur</span> <span class='ocrx_word' id='word_1_238' title='bbox 839 2703 952 2765; x_wconf 92' lang='lat' dir='ltr'>oratio:</span> <span class='ocrx_word' id='word_1_239' title='bbox 981 2703 1099 2790; x_wconf 76' lang='lat' dir='ltr'>uidetur</span> <span class='ocrx_word' id='word_1_240' title='bbox 1126 2703 1270 2765; x_wconf 48' lang='lat' dir='ltr'>enimc,</span> 
     </span>
    </p>
   </div>
   <div class='ocr_carea' id='block_1_3' title="bbox 132 2835 1273 3309">
    <p class='ocr_par' dir='ltr' id='par_1_5' title="bbox 132 2835 1273 3309">
     <span class='ocr_line' id='line_1_29' title="bbox 168 2835 1201 2903; baseline -0.002 -15"><span class='ocrx_word' id='word_1_241' title='bbox 168 2855 237 2903; x_wconf 79' lang='lat' dir='ltr'>qoem</span> <span class='ocrx_word' id='word_1_242' title='bbox 265 2841 296 2888; x_wconf 88' lang='lat' dir='ltr'>od</span> <span class='ocrx_word' id='word_1_243' title='bbox 327 2839 506 2901; x_wconf 79' lang='lat' dir='ltr'>Peloponnesum</span> <span class='ocrx_word' id='word_1_244' title='bbox 534 2840 563 2890; x_wconf 85' lang='lat' dir='ltr'>ol.</span> <span class='ocrx_word' id='word_1_245' title='bbox 595 2853 647 2902; x_wconf 87' lang='lat' dir='ltr'>opp.</span> <span class='ocrx_word' id='word_1_246' title='bbox 690 2851 749 2885; x_wconf 91' lang='lat' dir='ltr'>cero</span> <span class='ocrx_word' id='word_1_247' title='bbox 768 2836 874 2893; x_wconf 87' lang='lat' dir='ltr'>stimmt‚</span> <span class='ocrx_word' id='word_1_248' title='bbox 903 2835 937 2884; x_wconf 87' lang='lat' dir='ltr'>ist</span> <span class='ocrx_word' id='word_1_249' title='bbox 960 2835 1033 2885; x_wconf 84' lang='lat' dir='ltr'>kelue</span> <span class='ocrx_word' id='word_1_250' title='bbox 1052 2836 1201 2893; x_wconf 69' lang='lat' dir='ltr'>Auctoritdt.</span> 
     </span>
     <span class='ocr_line' id='line_1_30' title="bbox 132 2901 1273 2971; baseline 0.001 -18"><span class='ocrx_word' id='word_1_251' title='bbox 132 2902 194 2953; x_wconf 87' lang='lat' dir='ltr'>Dies</span> <span class='ocrx_word' id='word_1_252' title='bbox 211 2901 302 2952; x_wconf 90' lang='lat' dir='ltr'>berubt</span> <span class='ocrx_word' id='word_1_253' title='bbox 319 2901 432 2951; x_wconf 86' lang='lat' dir='ltr'>offenbar</span> <span class='ocrx_word' id='word_1_254' title='bbox 449 2901 648 2951; x_wconf 84' lang='lat' dir='ltr'>auleiaemlrr-</span> <span class='ocrx_word' id='word_1_255' title='bbox 690 2903 723 2951; x_wconf 83' lang='lat' dir='ltr'>da</span> <span class='ocrx_word' id='word_1_256' title='bbox 758 2918 787 2952; x_wconf 92' lang='lat' dir='ltr'>er</span> <span class='ocrx_word' id='word_1_257' title='bbox 813 2918 861 2952; x_wconf 91' lang='lat' dir='ltr'>nur</span> <span class='ocrx_word' id='word_1_258' title='bbox 885 2917 931 2952; x_wconf 86' lang='lat' dir='ltr'>aus</span> <span class='ocrx_word' id='word_1_259' title='bbox 958 2902 1047 2952; x_wconf 85' lang='lat' dir='ltr'>Cicero</span> <span class='ocrx_word' id='word_1_260' title='bbox 1075 2904 1206 2971; x_wconf 77' lang='lat' dir='ltr'>gescbdplt</span> <span class='ocrx_word' id='word_1_261' title='bbox 1270 2957 1273 2960; x_wconf 69' lang='grc'>,</span> 
     </span>
     <span class='ocr_line' id='line_1_31' title="bbox 133 2968 1183 3033; baseline -0.003 -12"><span class='ocrx_word' id='word_1_262' title='bbox 133 2972 215 3027; x_wconf 83' lang='lat' dir='ltr'>thum3</span> <span class='ocrx_word' id='word_1_263' title='bbox 242 2970 305 3018; x_wconf 88' lang='lat' dir='ltr'>dena</span> <span class='ocrx_word' id='word_1_264' title='bbox 329 2984 377 3016; x_wconf 93' lang='lat' dir='ltr'>von</span> <span class='ocrx_word' id='word_1_265' title='bbox 402 2969 474 3018; x_wconf 86' lang='lat' dir='ltr'>einer</span> <span class='ocrx_word' id='word_1_266' title='bbox 496 2968 647 3033; x_wconf 82' lang='lat' dir='ltr'>Expedition</span> <span class='ocrx_word' id='word_1_267' title='bbox 690 2969 742 3018; x_wconf 83' lang='lat' dir='ltr'>bat.</span> <span class='ocrx_word' id='word_1_268' title='bbox 814 3015 817 3023; x_wconf 88' lang='grc'>,</span> <span class='ocrx_word' id='word_1_269' title='bbox 1180 3001 1183 3005; x_wconf 67' lang='lat'><strong><em>‹</em></strong></span> 
     </span>
     <span class='ocr_line' id='line_1_32' title="bbox 134 3031 1203 3104; baseline 0 -15"><span class='ocrx_word' id='word_1_270' title='bbox 134 3037 325 3104; x_wconf 83' lang='lat' dir='ltr'>(lesllionysius</span> <span class='ocrx_word' id='word_1_271' title='bbox 343 3037 406 3084; x_wconf 86' lang='lat' dir='ltr'>nacb</span> <span class='ocrx_word' id='word_1_272' title='bbox 424 3035 480 3084; x_wconf 88' lang='lat' dir='ltr'>dem</span> <span class='ocrx_word' id='word_1_273' title='bbox 492 3034 648 3100; x_wconf 87' lang='lat' dir='ltr'>Peloponnes</span> <span class='ocrx_word' id='word_1_274' title='bbox 722 3031 774 3091; x_wconf 78' lang='lat'>35.</span> <span class='ocrx_word' id='word_1_275' title='bbox 796 3038 836 3088; x_wconf 79' lang='lat' dir='ltr'>st.</span> <span class='ocrx_word' id='word_1_276' title='bbox 858 3045 879 3088; x_wconf 88' lang='lat' dir='ltr'>et</span> <span class='ocrx_word' id='word_1_277' title='bbox 896 3040 1022 3102; x_wconf 81' lang='lat' dir='ltr'>impunitos</span> <span class='ocrx_word' id='word_1_278' title='bbox 1047 3055 1103 3104; x_wconf 68' lang='lat' dir='ltr'>repo</span> <span class='ocrx_word' id='word_1_279' title='bbox 1122 3042 1203 3090; x_wconf 77' lang='lat' dir='ltr'>illotae</span> 
     </span>
     <span class='ocr_line' id='line_1_33' title="bbox 132 3101 1205 3159; baseline -0.002 -1"><span class='ocrx_word' id='word_1_280' title='bbox 132 3107 211 3159; x_wconf 85' lang='lat' dir='ltr'>weiss</span> <span class='ocrx_word' id='word_1_281' title='bbox 235 3105 276 3155; x_wconf 91' lang='lat' dir='ltr'>die</span> <span class='ocrx_word' id='word_1_282' title='bbox 298 3102 446 3154; x_wconf 86' lang='lat' dir='ltr'>Gescbicbte</span> <span class='ocrx_word' id='word_1_283' title='bbox 469 3102 558 3152; x_wconf 91' lang='lat' dir='ltr'>nicbts.</span> <span class='ocrx_word' id='word_1_284' title='bbox 595 3101 648 3152; x_wconf 89' lang='lat' dir='ltr'>Der</span> <span class='ocrx_word' id='word_1_285' title='bbox 690 3113 730 3156; x_wconf 83' lang='lat' dir='ltr'>est.</span> <span class='ocrx_word' id='word_1_286' title='bbox 769 3103 854 3154; x_wconf 90' lang='lat' dir='ltr'>Sowie</span> <span class='ocrx_word' id='word_1_287' title='bbox 880 3119 910 3153; x_wconf 89' lang='lat' dir='ltr'>er</span> <span class='ocrx_word' id='word_1_288' title='bbox 934 3103 966 3153; x_wconf 88' lang='lat' dir='ltr'>im</span> <span class='ocrx_word' id='word_1_289' title='bbox 990 3103 1076 3154; x_wconf 88' lang='lat' dir='ltr'>Lebea</span> <span class='ocrx_word' id='word_1_290' title='bbox 1099 3104 1205 3157; x_wconf 86' lang='lat' dir='ltr'>strallos</span> 
     </span>
     <span class='ocr_line' id='line_1_34' title="bbox 132 3169 1256 3229; baseline -0.002 -3"><span class='ocrx_word' id='word_1_291' title='bbox 132 3175 241 3226; x_wconf 87' lang='lat' dir='ltr'>lrrtbum</span> <span class='ocrx_word' id='word_1_292' title='bbox 259 3173 293 3224; x_wconf 85' lang='lat' dir='ltr'>lst</span> <span class='ocrx_word' id='word_1_293' title='bbox 310 3172 387 3222; x_wconf 90' lang='lat' dir='ltr'>durcb</span> <span class='ocrx_word' id='word_1_294' title='bbox 403 3170 646 3221; x_wconf 84' lang='lat' dir='ltr'>denbeiaameades</span> <span class='ocrx_word' id='word_1_295' title='bbox 689 3169 769 3229; x_wconf 90' lang='lat' dir='ltr'>blieb,</span> <span class='ocrx_word' id='word_1_296' title='bbox 808 3171 876 3221; x_wconf 83' lang='lat' dir='ltr'>aucla</span> <span class='ocrx_word' id='word_1_297' title='bbox 899 3170 952 3221; x_wconf 90' lang='lat' dir='ltr'>seia</span> <span class='ocrx_word' id='word_1_298' title='bbox 980 3170 1037 3222; x_wconf 87' lang='lat' dir='ltr'>Tod</span> <span class='ocrx_word' id='word_1_299' title='bbox 1063 3171 1101 3223; x_wconf 85' lang='lat' dir='ltr'>als</span> <span class='ocrx_word' id='word_1_300' title='bbox 1130 3174 1212 3224; x_wconf 72' lang='lat' dir='ltr'>leiae&#39;</span> <span class='ocrx_word' id='word_1_301' title='bbox 1252 3175 1256 3178; x_wconf 79' lang='grc'><strong>’</strong></span> 
     </span>
     <span class='ocr_line' id='line_1_35' title="bbox 134 3237 1205 3309; baseline -0.001 -16"><span class='ocrx_word' id='word_1_302' title='bbox 134 3242 225 3309; x_wconf 80' lang='lat' dir='ltr'>Olym</span> <span class='ocrx_word' id='word_1_303' title='bbox 231 3241 368 3309; x_wconf 90' lang='lat' dir='ltr'>pisobea</span> <span class='ocrx_word' id='word_1_304' title='bbox 379 3239 479 3306; x_wconf 81' lang='lat' dir='ltr'>Jupiter</span> <span class='ocrx_word' id='word_1_305' title='bbox 492 3238 642 3295; x_wconf 78' lang='lat' dir='ltr'>veraalasst</span> <span class='ocrx_word' id='word_1_306' title='bbox 689 3237 775 3289; x_wconf 84' lang='lat' dir='ltr'>Strale</span> <span class='ocrx_word' id='word_1_307' title='bbox 793 3241 935 3289; x_wconf 86' lang='lat' dir='ltr'>aazusebea</span> <span class='ocrx_word' id='word_1_308' title='bbox 952 3254 1022 3299; x_wconf 83' lang='lat' dir='ltr'>war,</span> <span class='ocrx_word' id='word_1_309' title='bbox 1044 3255 1071 3290; x_wconf 91' lang='lat' dir='ltr'>so</span> <span class='ocrx_word' id='word_1_310' title='bbox 1090 3240 1157 3291; x_wconf 88' lang='lat' dir='ltr'>bbeb</span> <span class='ocrx_word' id='word_1_311' title='bbox 1176 3257 1205 3292; x_wconf 90' lang='lat' dir='ltr'>er</span> 
     </span>
    </p>
   </div>
   <div class='ocr_carea' id='block_1_4' title="bbox 132 3305 1205 3426">
    <p class='ocr_par' dir='ltr' id='par_1_6' title="bbox 132 3305 1205 3426">
     <span class='ocr_line' id='line_1_36' title="bbox 132 3305 1205 3426; baseline -0.001 -66"><span class='ocrx_word' id='word_1_312' title='bbox 132 3310 217 3360; x_wconf 89' lang='lat' dir='ltr'>wobei</span> <span class='ocrx_word' id='word_1_313' title='bbox 242 3308 331 3362; x_wconf 86' lang='lat' dir='ltr'>Cicero</span> <span class='ocrx_word' id='word_1_314' title='bbox 355 3323 387 3358; x_wconf 83' lang='lat' dir='ltr'>an</span> <span class='ocrx_word' id='word_1_315' title='bbox 412 3307 527 3426; x_wconf 35' lang='lat' dir='ltr'>Olympio</span> <span class='ocrx_word' id='word_1_316' title='bbox 549 3306 575 3356; x_wconf 90' lang='lat' dir='ltr'>in</span> <span class='ocrx_word' id='word_1_317' title='bbox 592 3305 646 3355; x_wconf 85' lang='lat' dir='ltr'>Elis</span> <span class='ocrx_word' id='word_1_318' title='bbox 689 3307 751 3356; x_wconf 86' lang='lat' dir='ltr'>uucb</span> <span class='ocrx_word' id='word_1_319' title='bbox 770 3307 876 3357; x_wconf 86' lang='lat' dir='ltr'>strallos</span> <span class='ocrx_word' id='word_1_320' title='bbox 893 3307 932 3358; x_wconf 91' lang='lat' dir='ltr'>bis</span> <span class='ocrx_word' id='word_1_321' title='bbox 955 3307 1205 3359; x_wconf 86' lang='lat' dir='ltr'>zumScbeiterbau·</span> 
     </span>
    </p>
   </div>
   <div class='ocr_carea' id='block_1_5' title="bbox 134 3375 1205 4053">
    <p class='ocr_par' dir='ltr' id='par_1_7' title="bbox 134 3375 1204 3715">
     <span class='ocr_line' id='line_1_37' title="bbox 134 3375 444 3443; baseline -0.01 -14"><span class='ocrx_word' id='word_1_322' title='bbox 134 3378 232 3429; x_wconf 87' lang='lat' dir='ltr'>dacbte.</span> <span class='ocrx_word' id='word_1_323' title='bbox 270 3376 340 3426; x_wconf 85' lang='lat' dir='ltr'>Aber</span> <span class='ocrx_word' id='word_1_324' title='bbox 350 3375 444 3443; x_wconf 87' lang='lat' dir='ltr'>Tempe</span> 
     </span>
     <span class='ocr_line' id='line_1_38' title="bbox 134 3442 1204 3511; baseline -0.002 -16"><span class='ocrx_word' id='word_1_325' title='bbox 134 3446 210 3496; x_wconf 87' lang='lat' dir='ltr'>seben</span> <span class='ocrx_word' id='word_1_326' title='bbox 219 3444 319 3511; x_wconf 87' lang='lat' dir='ltr'>Jupiter</span> <span class='ocrx_word' id='word_1_327' title='bbox 336 3444 384 3508; x_wconf 81' lang='lat' dir='ltr'>gab</span> <span class='ocrx_word' id='word_1_328' title='bbox 402 3459 430 3494; x_wconf 89' lang='lat' dir='ltr'>es</span> <span class='ocrx_word' id='word_1_329' title='bbox 448 3445 510 3494; x_wconf 89' lang='lat' dir='ltr'>auch</span> <span class='ocrx_word' id='word_1_330' title='bbox 529 3459 561 3493; x_wconf 87' lang='lat' dir='ltr'>aa</span> <span class='ocrx_word' id='word_1_331' title='bbox 578 3459 646 3493; x_wconf 86' lang='lat' dir='ltr'>man·</span> <span class='ocrx_word' id='word_1_332' title='bbox 689 3442 884 3506; x_wconf 81' lang='lat' dir='ltr'>gemissbaarlelt</span> <span class='ocrx_word' id='word_1_333' title='bbox 912 3444 974 3493; x_wconf 89' lang='lat' dir='ltr'>noob</span> <span class='ocrx_word' id='word_1_334' title='bbox 999 3444 1048 3509; x_wconf 82' lang='lat' dir='ltr'>ibm</span> <span class='ocrx_word' id='word_1_335' title='bbox 1077 3443 1117 3492; x_wconf 89' lang='lat' dir='ltr'>die</span> <span class='ocrx_word' id='word_1_336' title='bbox 1135 3442 1204 3493; x_wconf 88' lang='lat' dir='ltr'>Ebre</span> 
     </span>
     <span class='ocr_line' id='line_1_39' title="bbox 134 3511 1204 3579; baseline -0.001 -17"><span class='ocrx_word' id='word_1_337' title='bbox 134 3513 197 3562; x_wconf 87' lang='lat' dir='ltr'>eben</span> <span class='ocrx_word' id='word_1_338' title='bbox 215 3514 309 3563; x_wconf 83' lang='lat' dir='ltr'>andern</span> <span class='ocrx_word' id='word_1_339' title='bbox 323 3511 408 3569; x_wconf 78' lang='lat' dir='ltr'>Ortea</span> <span class='ocrx_word' id='word_1_340' title='bbox 429 3512 480 3562; x_wconf 91' lang='lat' dir='ltr'>wie</span> <span class='ocrx_word' id='word_1_341' title='bbox 492 3513 518 3561; x_wconf 93' lang='lat' dir='ltr'>in</span> <span class='ocrx_word' id='word_1_342' title='bbox 532 3512 646 3579; x_wconf 77' lang='lat' dir='ltr'>Syrakus</span> <span class='ocrx_word' id='word_1_343' title='bbox 690 3511 736 3560; x_wconf 87' lang='lat' dir='ltr'>der</span> <span class='ocrx_word' id='word_1_344' title='bbox 751 3511 900 3573; x_wconf 84' lang='lat' dir='ltr'>Bestattung</span> <span class='ocrx_word' id='word_1_345' title='bbox 917 3518 1021 3573; x_wconf 84' lang='lat' dir='ltr'>versagt</span> <span class='ocrx_word' id='word_1_346' title='bbox 1036 3511 1134 3569; x_wconf 87' lang='lat' dir='ltr'>warde,</span> <span class='ocrx_word' id='word_1_347' title='bbox 1150 3511 1204 3561; x_wconf 82' lang='lat' dir='ltr'>wie</span> 
     </span>
     <span class='ocr_line' id='line_1_40' title="bbox 134 3577 1203 3637; baseline -0.002 -7"><span class='ocrx_word' id='word_1_348' title='bbox 134 3580 224 3637; x_wconf 87' lang='lat' dir='ltr'>selbst‚</span> <span class='ocrx_word' id='word_1_349' title='bbox 251 3580 335 3630; x_wconf 88' lang='lat' dir='ltr'>wobiu</span> <span class='ocrx_word' id='word_1_350' title='bbox 352 3580 450 3629; x_wconf 81' lang='lat' dir='ltr'>Aelian.</span> <span class='ocrx_word' id='word_1_351' title='bbox 470 3578 502 3631; x_wconf 88' lang='lat' dir='ltr'>V.</span> <span class='ocrx_word' id='word_1_352' title='bbox 523 3580 552 3630; x_wconf 88' lang='lat' dir='ltr'>ll.</span> <span class='ocrx_word' id='word_1_353' title='bbox 573 3579 592 3637; x_wconf 83' lang='lat' dir='ltr'>l,</span> <span class='ocrx_word' id='word_1_354' title='bbox 609 3580 647 3631; x_wconf 80' lang='lat'>20</span> <span class='ocrx_word' id='word_1_355' title='bbox 688 3593 746 3629; x_wconf 89' lang='lat' dir='ltr'>maa</span> <span class='ocrx_word' id='word_1_356' title='bbox 770 3586 840 3629; x_wconf 89' lang='lat' dir='ltr'>sonst</span> <span class='ocrx_word' id='word_1_357' title='bbox 862 3577 930 3627; x_wconf 91' lang='lat' dir='ltr'>wohl</span> <span class='ocrx_word' id='word_1_358' title='bbox 953 3577 1113 3628; x_wconf 87' lang='lat' dir='ltr'>Verbrecber</span> <span class='ocrx_word' id='word_1_359' title='bbox 1141 3580 1203 3628; x_wconf 87' lang='lat' dir='ltr'>aucb</span> 
     </span>
     <span class='ocr_line' id='line_1_41' title="bbox 136 3644 1201 3715; baseline -0.002 -17"><span class='ocrx_word' id='word_1_360' title='bbox 136 3648 205 3698; x_wconf 84' lang='lat' dir='ltr'>diese</span> <span class='ocrx_word' id='word_1_361' title='bbox 224 3647 372 3698; x_wconf 88' lang='lat' dir='ltr'>Gesebicbte</span> <span class='ocrx_word' id='word_1_362' title='bbox 389 3646 496 3709; x_wconf 79' lang='lat' dir='ltr'>verlegt.</span> <span class='ocrx_word' id='word_1_363' title='bbox 691 3648 753 3697; x_wconf 89' lang='lat' dir='ltr'>aacb</span> <span class='ocrx_word' id='word_1_364' title='bbox 772 3647 828 3696; x_wconf 89' lang='lat' dir='ltr'>dem</span> <span class='ocrx_word' id='word_1_365' title='bbox 844 3644 915 3697; x_wconf 88' lang='lat' dir='ltr'>Tode</span> <span class='ocrx_word' id='word_1_366' title='bbox 939 3662 971 3695; x_wconf 89' lang='lat' dir='ltr'>zu</span> <span class='ocrx_word' id='word_1_367' title='bbox 989 3646 1085 3715; x_wconf 83' lang='lat' dir='ltr'>strelen</span> <span class='ocrx_word' id='word_1_368' title='bbox 1102 3648 1201 3711; x_wconf 76' lang='lat' dir='ltr'>pllegte.</span> 
     </span>
    </p>

    <p class='ocr_par' dir='ltr' id='par_1_8' title="bbox 136 3713 1205 3918">
     <span class='ocr_line' id='line_1_42' title="bbox 169 3713 1203 3782; baseline -0.005 -14"><span class='ocrx_word' id='word_1_369' title='bbox 169 3719 290 3782; x_wconf 80' lang='lat' dir='ltr'>Epidauri.</span> <span class='ocrx_word' id='word_1_370' title='bbox 314 3715 383 3765; x_wconf 88' lang='lat' dir='ltr'>Aucb</span> <span class='ocrx_word' id='word_1_371' title='bbox 402 3715 456 3765; x_wconf 88' lang='lat' dir='ltr'>dies</span> <span class='ocrx_word' id='word_1_372' title='bbox 474 3714 564 3764; x_wconf 88' lang='lat' dir='ltr'>berubt</span> <span class='ocrx_word' id='word_1_373' title='bbox 580 3713 648 3766; x_wconf 89' lang='lat' dir='ltr'>wohl</span> <span class='ocrx_word' id='word_1_374' title='bbox 691 3744 723 3753; x_wconf 94' lang='lat'><em>-</em></span> <span class='ocrx_word' id='word_1_375' title='bbox 742 3715 792 3765; x_wconf 87' lang='lat' dir='ltr'>Das</span> <span class='ocrx_word' id='word_1_376' title='bbox 811 3716 928 3777; x_wconf 82' lang='lat' dir='ltr'>vorberg.</span> <span class='ocrx_word' id='word_1_377' title='bbox 949 3723 1016 3780; x_wconf 77' lang='lat' dir='ltr'>etque</span> <span class='ocrx_word' id='word_1_378' title='bbox 1042 3714 1146 3764; x_wconf 88' lang='lat' dir='ltr'>vertritt</span> <span class='ocrx_word' id='word_1_379' title='bbox 1163 3714 1203 3764; x_wconf 87' lang='lat' dir='ltr'>die</span> 
     </span>
     <span class='ocr_line' id='line_1_43' title="bbox 136 3781 1205 3846; baseline -0.002 -12"><span class='ocrx_word' id='word_1_380' title='bbox 136 3782 183 3834; x_wconf 83' lang='lat' dir='ltr'>aul</span> <span class='ocrx_word' id='word_1_381' title='bbox 205 3782 285 3833; x_wconf 85' lang='lat' dir='ltr'>ciuem</span> <span class='ocrx_word' id='word_1_382' title='bbox 308 3781 429 3841; x_wconf 74' lang='lat' dir='ltr'>lambam,</span> <span class='ocrx_word' id='word_1_383' title='bbox 458 3783 568 3832; x_wconf 88' lang='lat' dir='ltr'>dadurcb</span> <span class='ocrx_word' id='word_1_384' title='bbox 591 3798 648 3832; x_wconf 91' lang='lat' dir='ltr'>ver·</span> <span class='ocrx_word' id='word_1_385' title='bbox 691 3782 770 3833; x_wconf 87' lang='lat' dir='ltr'>Stelle</span> <span class='ocrx_word' id='word_1_386' title='bbox 794 3783 866 3832; x_wconf 88' lang='lat' dir='ltr'>einer</span> <span class='ocrx_word' id='word_1_387' title='bbox 893 3781 1071 3832; x_wconf 79' lang='lat' dir='ltr'>adversativae</span> <span class='ocrx_word' id='word_1_388' title='bbox 1095 3781 1205 3846; x_wconf 87' lang='lat' dir='ltr'>Conjun-</span> 
     </span>
     <span class='ocr_line' id='line_1_44' title="bbox 137 3848 1204 3918; baseline -0.002 -16"><span class='ocrx_word' id='word_1_389' title='bbox 137 3851 239 3909; x_wconf 82' lang='lat' dir='ltr'>anltsst,</span> <span class='ocrx_word' id='word_1_390' title='bbox 253 3851 312 3901; x_wconf 83' lang='lat' dir='ltr'>dass</span> <span class='ocrx_word' id='word_1_391' title='bbox 322 3852 368 3901; x_wconf 89' lang='lat' dir='ltr'>det·</span> <span class='ocrx_word' id='word_1_392' title='bbox 381 3850 562 3918; x_wconf 86' lang='lat' dir='ltr'>Epidaurisobe</span> <span class='ocrx_word' id='word_1_393' title='bbox 575 3848 648 3900; x_wconf 86' lang='lat' dir='ltr'>Tem·</span> <span class='ocrx_word' id='word_1_394' title='bbox 691 3850 770 3900; x_wconf 77' lang='lat' dir='ltr'>ctiam</span> <span class='ocrx_word' id='word_1_395' title='bbox 791 3850 841 3900; x_wconf 90' lang='lat' dir='ltr'>wie</span> <span class='ocrx_word' id='word_1_396' title='bbox 860 3850 904 3909; x_wconf 85' lang='lat' dir='ltr'>olt,</span> <span class='ocrx_word' id='word_1_397' title='bbox 925 3865 966 3899; x_wconf 86' lang='lat' dir='ltr'>wo</span> <span class='ocrx_word' id='word_1_398' title='bbox 984 3850 1029 3900; x_wconf 88' lang='lat' dir='ltr'>das</span> <span class='ocrx_word' id='word_1_399' title='bbox 1046 3849 1204 3902; x_wconf 82' lang='lat' dir='ltr'>Verbailtaiss</span> 
     </span>
    </p>

    <p class='ocr_par' dir='ltr' id='par_1_9' title="bbox 134 3917 1200 4053">
     <span class='ocr_line' id='line_1_45' title="bbox 166 3917 1200 3985; baseline -0.002 -16"><span class='ocrx_word' id='word_1_400' title='bbox 166 3918 326 3985; x_wconf 74' lang='lat' dir='ltr'>lnescalaps</span> <span class='ocrx_word' id='word_1_401' title='bbox 339 3919 385 3969; x_wconf 87' lang='lat' dir='ltr'>der</span> <span class='ocrx_word' id='word_1_402' title='bbox 395 3919 564 3969; x_wconf 83' lang='lat' dir='ltr'>berdbmteste</span> <span class='ocrx_word' id='word_1_403' title='bbox 581 3934 645 3968; x_wconf 88' lang='lat' dir='ltr'>war.</span> <span class='ocrx_word' id='word_1_404' title='bbox 691 3919 737 3969; x_wconf 86' lang='lat' dir='ltr'>der</span> <span class='ocrx_word' id='word_1_405' title='bbox 755 3917 904 3968; x_wconf 80' lang='lat' dir='ltr'>Gerlaalren·</span> <span class='ocrx_word' id='word_1_406' title='bbox 915 3933 964 3967; x_wconf 90' lang='lat' dir='ltr'>von</span> <span class='ocrx_word' id='word_1_407' title='bbox 988 3917 1068 3968; x_wconf 87' lang='lat' dir='ltr'>selbst</span> <span class='ocrx_word' id='word_1_408' title='bbox 1081 3917 1141 3982; x_wconf 82' lang='lat' dir='ltr'>¹lilar</span> <span class='ocrx_word' id='word_1_409' title='bbox 1159 3918 1200 3977; x_wconf 88' lang='lat' dir='ltr'>ist,</span> 
     </span>
     <span class='ocr_line' id='line_1_46' title="bbox 134 3936 1200 4053; baseline -0.004 -14"><span class='ocrx_word' id='word_1_410' title='bbox 134 3936 222 4039; x_wconf 52' lang='lat' dir='ltr'>lletler.</span> <span class='ocrx_word' id='word_1_411' title='bbox 242 3985 311 4037; x_wconf 81' lang='lat' dir='ltr'>Max.</span> <span class='ocrx_word' id='word_1_412' title='bbox 331 3984 349 4046; x_wconf 87' lang='lat' dir='ltr'>l,</span> <span class='ocrx_word' id='word_1_413' title='bbox 373 3989 395 4046; x_wconf 91' lang='lat' dir='ltr'>l,</span> <span class='ocrx_word' id='word_1_414' title='bbox 416 3989 446 4046; x_wconf 87' lang='grc'>3,</span> <span class='ocrx_word' id='word_1_415' title='bbox 478 3988 524 4036; x_wconf 90' lang='lat' dir='ltr'>der</span> <span class='ocrx_word' id='word_1_416' title='bbox 545 3986 591 4037; x_wconf 88' lang='lat' dir='ltr'>mit</span> <span class='ocrx_word' id='word_1_417' title='bbox 607 3984 648 4035; x_wconf 88' lang='lat' dir='ltr'>Ci·</span> <span class='ocrx_word' id='word_1_418' title='bbox 691 3986 746 4036; x_wconf 88' lang='lat' dir='ltr'>eloe</span> <span class='ocrx_word' id='word_1_419' title='bbox 772 3985 857 4038; x_wconf 88' lang='lat' dir='ltr'>blosse</span> <span class='ocrx_word' id='word_1_420' title='bbox 881 3985 976 4053; x_wconf 86' lang='lat' dir='ltr'>Copula</span> <span class='ocrx_word' id='word_1_421' title='bbox 1000 3994 1097 4048; x_wconf 75' lang='lat' dir='ltr'>gerent</span> <span class='ocrx_word' id='word_1_422' title='bbox 1124 3985 1200 4036; x_wconf 85' lang='lat' dir='ltr'>wird.</span> 
     </span>
    </p>
   </div>
   <div class='ocr_carea' id='block_1_6' title="bbox 472 3373 1205 3442">
    <p class='ocr_par' dir='ltr' id='par_1_10' title="bbox 472 3373 1205 3442">
     <span class='ocr_line' id='line_1_47' title="bbox 472 3373 1205 3442; baseline 0 -16"><span class='ocrx_word' id='word_1_423' title='bbox 472 3378 516 3426; x_wconf 91' lang='lat' dir='ltr'>des</span> <span class='ocrx_word' id='word_1_424' title='bbox 536 3373 646 3442; x_wconf 76' lang='lat' dir='ltr'>Olympi-</span> <span class='ocrx_word' id='word_1_425' title='bbox 690 3375 758 3431; x_wconf 69' lang='lat' dir='ltr'>fea,</span> <span class='ocrx_word' id='word_1_426' title='bbox 772 3374 855 3435; x_wconf 80' lang='lat' dir='ltr'>ladem</span> <span class='ocrx_word' id='word_1_427' title='bbox 879 3376 967 3427; x_wconf 88' lang='lat' dir='ltr'>weder</span> <span class='ocrx_word' id='word_1_428' title='bbox 990 3375 1044 3426; x_wconf 90' lang='lat' dir='ltr'>seia</span> <span class='ocrx_word' id='word_1_429' title='bbox 1069 3375 1205 3426; x_wconf 83' lang='lat' dir='ltr'>Leicbaum</span> 
     </span>
    </p>
   </div>
   <div class='ocr_carea' id='block_1_7' title="bbox 0 0 1324 4418">
    <p class='ocr_par' dir='ltr' id='par_1_11' title="bbox 0 0 1324 4418">
     <span class='ocr_line' id='line_1_48' title="bbox 0 0 1324 4418; baseline 0 0"><span class='ocrx_word' id='word_1_430' title='bbox 0 0 1324 4418; x_wconf 95' lang='lat' dir='ltr'> </span> 
     </span>
    </p>
   </div>
  </div>
 </body>
</html>
