2640 4418
180 285 242 347 152
286 356 290 367 ,
460 293 463 300 ‘
530 291 573 343 aa
592 289 728 342 aarum
746 288 892 340 uuonan.

178 451 266 516 Hunc
287 448 400 510 circam
422 435 537 528 liparae
559 445 635 505 duae
655 443 800 516 teruntur,
823 453 985 522 numquam
1008 440 1193 503 occidentes.

221 534 271 596 ao
293 534 339 594 leis
361 531 461 592 altera
482 531 564 608 apud
587 529 695 591 Graias
720 528 881 607 Cynosura
900 537 1040 600 uocatur,
1199 538 1203 545 ·

222 619 323 680 altera
345 618 457 678 dicitur
480 633 544 675 esse
566 612 676 684 Helice,
956 686 958 691 ⁴

90 732 96 736 -
179 705 265 765 auius
289 701 409 780 quidam
432 697 616 759 clarissimas
638 696 742 758 stellas
764 695 836 756 totis
859 693 998 757 noctibus
1022 692 1184 767 minimae,
1284 694 1286 699 ’

10 796 30 832 r
100 789 104 810 ‘
133 801 145 838 ¹
223 805 297 867 quos
321 786 425 846 nostri
446 794 557 861 septem
578 781 663 844 soliti
682 785 818 843 vocitare
842 778 979 842 Triones.

123 882 169 934 106
181 870 369 948 Paribusque
391 866 488 929 stallis
510 865 649 927 similiter
671 864 823 926 distinctis
856 863 982 933 cundem
1015 861 1089 924 caeli
1111 860 1261 924 'verticem

179 957 287 1017 lustrat
307 962 397 1033 parva
420 951 591 1030 Cynosura

221 1038 288 1100 Hac
308 1038 409 1118 fidunt
431 1037 503 1097 duca
525 1046 678 1098 nocturna
700 1032 860 1094 Plooenices
884 1037 916 1094 in
938 1032 1011 1095 alto.

224 1122 282 1184 Sed
301 1125 393 1201 prior
415 1120 470 1181 illo
490 1123 584 1198 mopis
607 1117 704 1180 stellis
728 1118 870 1185 distincto
892 1117 1034 1196 resulpet,

222 1218 253 1269 et
276 1207 339 1268 lote'
353 1208 455 1285 prima
477 1205 635 1282 confestim
658 1221 677 1262 a
698 1212 783 1264 nocte
806 1203 942 1263 videtur:

224 1292 295 1353 leaeo
315 1309 388 1351 voro
407 1307 509 1368 paruo
532 1298 595 1349 est:
618 1286 671 1346 sed
690 1289 793 1348 nautis
816 1305 891 1348 usus
913 1284 1022 1346 inimo
1045 1295 1101 1346 est.

222 1375 301 1436 Nam
324 1392 417 1435 cursu
438 1375 587 1434 interiore
612 1371 698 1432 brevi
719 1374 908 1434 convortitur
932 1369 1014 1430 orde.

45 1467 48 1473 '
123 1456 220 1529 42111
239 1478 302 1538 quo
325 1458 488 1537 siccarum
512 1454 665 1516 stellarum
689 1453 895 1515 admirabilior
917 1454 1088 1531 adspectus,

223 1544 278 1604 leas
300 1546 392 1613 inter,
416 1540 512 1602 ueluti
532 1539 639 1618 rapiolo
663 1556 729 1599 cum
750 1543 868 1617 purpite
889 1540 1012 1618 flumen,

225 1626 326 1688 torau’
350 1626 452 1687 Dr'aco
475 1626 580 1702 serpit,
604 1623 708 1684 subter
731 1640 900 1702 superaque
923 1622 1082 1684 revolvens

225 1709 530 1788 sose'eoapeumpae
554 1711 639 1768 sinus
663 1726 678 1768 e
700 1722 829 1786 corpore
850 1708 960 1785 [lenos.

124 1803 169 1854 107
183 1793 256 1855 Eius
279 1811 368 1872 quum
399 1791 489 1852 totius
512 1799 557 1852 est
577 1789 730 1869 praeclara
757 1789 892 1869 species,
919 1799 981 1851 tum
1005 1789 1036 1850 in
1065 1791 1171 1871 primis
1206 1791 1263 1854 sir-

183 1877 339 1958 spiciendo
363 1884 410 1938 est
431 1876 523 1954 ligura
547 1874 655 1954 capitis
678 1883 766 1953 atque
789 1875 879 1935 ardor
901 1875 1067 1936 oculorum.
1102 1911 1104 1919 ·

224 1944 303 2025 lluic
325 1979 387 2022 non
408 1961 580 2022 anamodo
605 1971 695 2038 caput
718 1977 834 2020 ornans
856 1959 947 2022 stello
968 1959 1090 2033 relucet,

225 2065 332 2107 oerum
354 2055 492 2124 tempora
513 2053 586 2105 sunt
608 2043 723 2123 duplici
743 2044 866 2123 sulpore
888 2054 1004 2116 notato,
1048 2100 1052 2125 ἱ

125 2134 128 2141 ’
215 2128 239 2192 ἐ
262 2129 455 2208 trucibusque
478 2126 572 2189 oculis
595 2128 653 2187 duo
674 2129 797 2206 fervida
817 2126 931 2189 lumina
952 2129 1098 2208 fiaprant,

223 2227 311 2293 atque
332 2230 393 2273 uno
415 2224 547 2275 mentum
569 2212 705 2272 radianti
724 2206 823 2273 sidere
846 2212 940 2274 lucet:
1181 2211 1191 2221 '

225 2298 431 2376 adstipumpue‘
454 2306 552 2376 caput,
577 2300 667 2356 tereti
689 2299 802 2358 ceruice
825 2298 984 2375 rollenum,

51 2444 58 2462 ,
213 2383 362 2444 adiutum
384 2385 415 2440 in
439 2379 534 2441 ca'uola
555 2383 680 2441 maioris
702 2381 795 2460 fipere
819 2381 910 2442 dicas.
1014 2432 1015 2435 ,

124 2477 170 2528 108
184 2466 222 2531 Et
236 2466 383 2543 reliquum
400 2463 520 2541 quidem
537 2483 645 2542 carpus
661 2463 805 2525 Draconis
832 2464 904 2525 totis
927 2464 1065 2525 noctibus
1089 2464 1262 2540 cernimus3

202 2549 279 2609 'laoc
302 2558 393 2627 caput
416 2548 463 2608 laic
480 2548 623 2626 paullum
644 2567 708 2610 sese
731 2550 887 2628 subitoque
909 2551 1054 2620 recondit,

225 2642 312 2693 ortus
335 2631 389 2692 udi
410 2640 497 2712 atoue.
520 2633 617 2693 aloitus
637 2643 728 2710 porte
750 2635 955 2694 admiscentur
976 2637 1009 2694 in
1030 2651 1102 2693 uno.

179 2717 215 2778 ld
230 2724 335 2777 autem
358 2723 448 2795 caput

165 2836 176 2861 -..
224 2804 374 2879 attinpens
399 2800 517 2879 defessa
538 2799 623 2861 veltet
644 2804 808 2863 maerentis
832 2798 927 2879 europa

224 2888 366 2955 uertitur,

181 3033 268 3089 meiat,
290 3033 323 3083 ist
338 3031 388 3082 der
405 3032 540 3091 adrdliche‚
562 3049 607 3084 uus
626 3033 701 3084 alloin
742 3039 871 3100 positiones
887 3040 955 3088 eiiam
969 3054 1090 3102 apocopam
1100 3053 1184 3101 passae
1195 3044 1261 3096 sunl,

183 3099 321 3149 sicumare.
616 3158 623 3169 N
744 3112 769 3153 ut
799 3121 891 3169 supra
915 3121 957 3168 pro
987 3121 1099 3169 supera
1123 3111 1144 3153 et
1173 3105 1263 3169 infra

221 3169 345 3230 Cynosura,
369 3167 415 3216 der
432 3167 514 3215 kleine
533 3167 590 3226 Bar,
613 3171 699 3233 Heliae,
741 3187 784 3234 pro
803 3174 906 3236 insero
931 3180 951 3222 et
977 3170 1274 3236 castramentatus

184 3232 232 3282 der
250 3247 352 3294 grossam
385 3234 447 3282 auch
471 3249 562 3297 wagan
589 3235 635 3285 dar
652 3235 701 3285 sle·
744 3238 800 3287 Nam
820 3241 909 3303 antiqui
927 3242 1049 3302 trisyllaba
1063 3241 1262 3304 copiosoreiantt
1310 3267 1316 3271 -

138 3337 141 3342 .
181 3299 233 3349 hen
251 3300 304 3348 siclo
322 3301 460 3350 basonders
485 3302 699 3352 airszaichnondan
744 3313 769 3354 ut
789 3306 865 3356 Cicero
884 3308 1011 3358 initote:
1032 3307 1259 3365 Torou’dtacoetc.

185 3367 276 3419 sterne
295 3367 319 3416 in
339 3367 404 3424 ihm,
425 3378 507 3433 septem
526 3375 627 3429 trionis,
660 3370 700 3420 dia
780 3371 836 3421 108.
858 3380 922 3422 ortus
939 3377 980 3424 ubi
1006 3382 1075 3439 alque
1098 3375 1174 3423 obitas
1200 3378 1263 3439 etc:

185 3435 271 3486 sichen
287 3434 446 3498 Pllugstiare,
468 3436 516 3485 aad
535 3437 700 3499 singulm-isch
743 3451 784 3485 wo
803 3435 880 3486 Osten
900 3440 949 3488 uad
967 3438 1077 3490 Wesien
1095 3439 1148 3488 sich
1176 3436 1263 3488 varai·

185 3508 310 3568 septentrio
335 3510 456 3566 geranni,
486 3504 598 3554 nralclrer
621 3503 700 3555 Naana
722 3503 831 3565 „nigem
860 3505 885 3554 d.
906 3505 929 3554 h.
951 3506 1083 3557 unterhallo
1108 3507 1153 3556 das
1176 3502 1263 3554 Nord-

184 3570 250 3620 donn
279 3572 341 3620 auch
373 3571 419 3621 auf
440 3571 487 3620 den
516 3572 617 3629 ldeincn¹
639 3573 697 3629 Bais,
743 3570 805 3637 pals,
827 3587 868 3620 wo
887 3572 934 3621 dar
951 3574 1029 3624 durch
1048 3588 1155 3624 unseran
1169 3570 1261 3621 Zeaith

185 3637 226 3686 dio
247 3641 376 3702 dpnosura,
397 3639 580 3701 iibecgelragcn
599 3641 697 3689 warde.
743 3653 870 3700 geaogcne
888 3639 1026 3700 Meridiau,
1057 3641 1119 3695 iiber
1143 3640 1191 3689 dea
1214 3637 1262 3689 Pal

139 3732 144 3741 ·
186 3703 212 3753 S.
234 3709 411 3764 ualonud3,
435 3709 480 3758 111
502 3706 700 3772 undlleynaau
743 3704 832 3755 hiuaus
861 3708 1021 3772 verlingert,
1061 3709 1119 3758 dan‘
1139 3706 1263 3758 Horizont

185 3769 256 3833 Virgo
279 3770 371 3835 Georg.
392 3774 434 3832 lll,
457 3776 514 3825 381..
743 3772 821 3831 triti,
843 3775 892 3824 und
911 3776 950 3826 die
970 3777 1033 3827 Osi·
1051 3776 1100 3833 uad
1116 3773 1263 3825 Wastaoita

134 3864 144 3874 ·
218 3833 266 3891 42.
301 3841 357 3891 106.
396 3860 530 3907 superaque.
574 3839 696 3890 Priscian.
743 3840 787 3890 dos
820 3841 938 3895 Himmcls
972 3860 1023 3894 voa
1060 3843 1182 3894 einander
1218 3840 1265 3892 ab·
1296 3854 1300 3859 ·

185 3903 477 3971 xivpeaorursotm
500 3911 615 3966 Onoadam
631 3925 700 3974 prae·
743 3917 840 3970 greum.
926 3961 930 3970 ,
1003 3923 1006 3930 ·
