2640 4418
431 398 433 415 p
464 345 526 396 mu.
546 344 564 395 r.
587 344 657 395 cnr.
678 346 719 397 ae.
741 346 780 397 ae.
802 346 844 397 so.
1153 330 1191 393 73

118 503 208 563 mium
232 519 366 562 necesse
387 508 441 560 est.
487 499 519 559 Si
549 499 628 560 enim
651 498 726 558 nihil
749 498 828 558 inter
850 498 937 559 deum
972 505 1002 559 et
1024 498 1112 566 mum
1135 498 1193 558 dil·

119 590 190 647 lert:
215 586 295 646 nulla
318 595 365 645 est
385 585 462 663 apud
486 585 558 645 deos
588 583 737 660 cognitio,
773 583 852 644 nulla
876 581 1041 662 perceptio.
1086 580 1190 654 Quid?
1205 593 1232 643 81

119 672 143 731 si
168 670 273 744 etiam,
295 670 401 742 Vellei,
426 669 531 729 lalsum
555 668 627 728 illud
652 667 773 728 omnino
798 676 864 738 est,
878 644 994 747 'cm
1018 666 1105 727 aliam
1136 687 1190 728 no-

117 756 165 815 his
199 755 236 816 de
268 755 325 814 deo
354 754 554 831 cogitantibus
589 752 721 831 speciem
758 752 816 813 nisi
852 751 983 812 ho'minis
1017 769 1191 827 occurrere;

118 848 255 901 tamenne
276 841 333 900 ista
358 848 417 899 tam
440 839 567 899 absurda
580 833 747 898 defendes?
769 837 863 897 Nohis
876 838 1005 897 sortasse
1019 837 1064 896 sic
1087 856 1192 898 occur·

118 925 166 995 rit,
188 933 221 1009 ut
236 924 327 985 dicls:
350 924 459 994 lovem,
474 924 628 995 lunonem,
641 921 812 995 Minervam,
827 923 1005 1000 Neptunum,
1021 920 1191 995 Vulcanum,

79 1020 84 1028 ‘
117 1008 299 1087 Apollinem,
334 1006 467 1085 reliqrms
500 1008 574 1067 deos
611 1025 644 1066 ea
679 1006 756 1066 facie
779 1005 1022 1086 novimus,‚·qua
1059 1007 1191 1084 pictores

103 1093 296 1172 'fictoresque
327 1093 499 1163 voluerunt,
523 1100 621 1170 neque
644 1082 848 1162 solum³lacie
886 1091 1051 1152 sed-etiam
1075 1101 1190 1164 ornatu,

117 1177 381 1250 aetate,·vestitu:
414 1186 456 1237 at.
475 1194 535 1236 non
557 1175 692 1254 Aegyptii
721 1194 777 1236 nec
799 1174 866 1254 Syri
899 1193 965 1234 nec·
988 1176 1051 1234 lere
1085 1185 1190 1236 cuncta

117 1263 268 1328 barbaria:
307 1263 455 1322 firmiores
485 1261 564 1320 enim
600 1260 702 1320 videas
731 1261 810 1338 apud
844 1279 896 1320 eos
929 1259 1088 1337 opiniones
1123 1279 1191 1323 esse

118 1348 158 1407 de
194 1347 301 1408 hestiis
342 1346 535 1426 quibusdam,
582 1364 669 1424 quam
714 1346 792 1423 apud
831 1363 888 1405 nos
921 1345 957 1404 de
991 1344 1190 1404 sanctissimis

117 1432 236 1509 templis
260 1440 290 1492 et
312 1430 479 1491 simulacris
503 1424 645 1515 deorum,
681 1429 799 1490 Etenim
822 1430 889 1490 lana
913 1429 1003 1489 multa
1027 1429 1233 1507 exspoliatatt

118 1526 147 1575 et
169 1516 327 1576 simulacra
352 1516 474 1575 deorum
497 1516 534 1574 de
563 1514 638 1575 locis
661 1514 860 1575 sanctissimis
888 1514 985 1575 ablata
1017 1513 1191 1600 pidemusa

116 1591 246 1670 nostris,
276 1607 306 1659 at
325 1618 462 1670 verone
493 1600 582 1660 lando
606 1599 736 1679 ,quidem
760 1599 891 1660 auditum
915 1609 975 1670 est,
1005 1599 1191 1658 crocodilum

117 1683 260 1743 autihim
283 1691 333 1743 aut
345 1683 434 1744 selem
446 1683 587 1744 violatum
605 1684 641 1744 ab
654 1681 808 1763 Aegyptio.
855 1685 931 1756 Quid
946 1684 1035 1760 igitur
1059 1680 1189 1743 cehses?

115 1767 202 1845 Apim
229 1768 328 1840 illum,
357 1777 492 1828 sanctum
514 1768 724 1847 Aegyptiorum
755 1768 878 1840 bovem,
914 1786 1013 1834 nonne
1036 1769 1122 1828 deum
1145 1768 1189 1827 vi-

117 1852 180 1912 deri
203 1849 380 1930 Aegyptiis?
403 1853 476 1912 Tam
499 1853 615 1925 hercle,
640 1871 727 1930 quam
749 1852 804 1912 tihi
827 1853 908 1913 illam
930 1864 1059 1935 vestram
1085 1851 1189 1929 Sospi-

115 1945 191 2008 tam,
226 1956 313 2015 quam
337 1946 367 1996 tu
390 1955 551 2015 nrrmquam
585 1956 622 1996 ne
656 1935 824 1996 insomnis
860 1937 980 2013 quidem
1003 1936 1087 1995 vides
1129 1936 1188 1997 nisi

116 2040 182 2080 cunr
206 2021 284 2099 pelle
307 2022 447 2100 caprina,
482 2040 549 2094 cum
581 2022 676 2092 haste,
701 2039 766 2081 cum
791 2021 923 2092 scutulo,
958 2039 1033 2080 cunr
1049 2020 1189 2080 calceolis
1238 2087 1249 2108 k

115 2105 267 2188 repandis.
311 2108 346 2166 At
369 2125 428 2167 non
452 2115 498 2167 est
530 2105 597 2166 talis
620 2105 725 2182 Argiva
750 2125 805 2165 nec
827 2105 958 2166 Romana
982 2106 1065 2165 luno.
1109 2105 1188 2179 Ergo
1204 2082 1305 2185 ‹wirn-

116 2189 171 2251 alia
195 2190 314 2269 species
347 2191 471 2252 lunonis
493 2191 619 2268 Argivis,
655 2190 712 2249 alia
735 2188 905 2261 Lanuvinis
930 2179 986 2250 alia
1009 2189 1108 2251 nobis.
1152 2190 1190 2250 Et
1247 2188 1252 2196 ’

117 2275 236 2352 quidem
256 2275 316 2336 alia
340 2276 427 2334 nohis
441 2275 611 2353 Capitolini,
634 2274 782 2335 aliaAfris
805 2275 959 2334 Ammonis
982 2275 1071 2335 lovis.
1117 2274 1182 2335 Non
1198 2269 1243 2339 30

114 2358 208 2435 pudet
229 2359 319 2434 igitur
341 2360 505 2437 physicum,
529 2359 558 2418 id
582 2367 628 2419 est
650 2359 868 2435 speculatorem
881 2367 1112 2435 venatoremque
1134 2377 1186 2418 na·
1201 2369 1231 2419 83

115 2450 214 2510 turae,
250 2443 285 2503 ah
309 2443 416 2502 animis
450 2443 667 2503 consuetudine
696 2442 818 2503 imbutis
850 2432 953 2521 petire
984 2443 1187 2503 testimonium

114 2524 356 2588 veritatisi'lsto
381 2526 461 2587 enim
483 2528 572 2587 modo
596 2526 696 2587 dicere
718 2527 831 2595 licebit,
854 2529 954 2589 lovem
978 2546 1096 2605 semper
1117 2527 1186 2588 har·
1245 2562 1249 2579 .

114 2611 225 2682 hatum,
248 2612 416 2690 Apollinem
439 2631 560 2690 semper
571 2612 746 2685 imberbem,
770 2612 897 2681 caesios,
911 2612 1014 2672 oculos
1027 2613 1186 2682 Minervae,
1206 2592 1313 2693 (tntisp-

115 2696 268 2756 caeruleos
297 2716 364 2757 esse
387 2697 528 2773 Neptuni.
574 2697 611 2757 Et
643 2697 763 2776 quidem
785 2697 909 2757 Athenis
942 2697 1097 2758 laudamus
1119 2697 1187 2757 Vul-
1297 2698 1302 2705 '

150 2823 201 2883 29.
222 2831 264 2879 80.
284 2833 350 2880 nollo
368 2834 429 2896 opud
453 2835 507 2881 deos
526 2835 625 2895 cognitio
670 2842 678 2852 ·
703 2833 768 2881 illum
785 2839 883 2882 vestram
901 2833 1030 2895 Sospitam,
1053 2831 1076 2879 d.
1099 2831 1122 2878 h.
1144 2830 1183 2879 die

116 2906 155 2945 ato.
192 2894 238 2944 Mit
255 2896 363 2944 salchem
383 2896 475 2946 Schera
494 2896 555 2945 durs
569 2912 626 2946 man
669 2896 733 2945 Juno
760 2897 805 2947 mit
835 2898 889 2946 dem
914 2897 1047 2946 Beinamen
1072 2897 1179 2962 Sospita,

115 2978 142 3010 es
161 2962 282 3011 natfirlich
307 2962 374 3012 nicht
397 2963 544 3024 allzugenau
569 2966 627 3013 neh·
669 2963 779 3020 welche,
807 2964 979 3029 urspringlich
1004 2965 1052 3014 den
1075 2964 1184 3014 Lanuvi-

78 3036 81 3045 ‘
115 3045 179 3078 meu.
213 3029 299 3081 Wenn
327 3031 367 3079 dic
388 3029 476 3080 Giitter
494 3032 555 3079 auch
575 3031 626 3080 sich
671 3046 731 3080 neru
745 3031 817 3092 eigen
830 3031 919 3089 (daher
930 3036 1044 3091 vestram),
1067 3033 1116 3085 seit
1128 3033 1184 3083 dem

115 3098 308 3148 untereiuander
337 3099 405 3147 nicht
436 3099 627 3147 unterscheitlen
669 3097 692 3147 J.
705 3099 829 3150 Aldnuch
843 3099 958 3149 Romisch
971 3100 1105 3161 gewordcn
1116 3116 1180 3151 wer:

71 3216 79 3234 Ι
114 3165 218 3221 konnen,
241 3183 268 3217 so
286 3168 383 3216 khunen
402 3166 439 3216 sie
458 3167 627 3216 dochanderc
669 3165 963 3225 s.Liv'.Vlll,14,2.
1000 3166 1057 3218 lhrc
1075 3167 1180 3228 Gestult,

114 3230 194 3293 Dinge
212 3234 279 3283 wohl
296 3235 494 3285 unterschcideu.
669 3233 714 3283 mit
722 3233 863 3296 Ziegeufell
879 3235 928 3284 und
938 3235 1179 3296 Schnahelschulren‚

149 3303 189 3351 81.
210 3307 243 3353 sic
263 3330 291 3339 -
312 3312 337 3354 ut
360 3308 427 3355 dicis.
447 3303 516 3354 (iheu
540 3317 561 3352 c.
584 3304 622 3360 18,
670 3302 756 3367 Spiess
781 3304 830 3353 und
849 3302 1046 3366 Schiltlxz'eigen
1065 3304 1179 3362 Mirator,

150 3405 156 3416 .
272 3386 276 3393 ⁷
312 3402 314 3405 -
669 3385 709 3420 am
726 3371 813 3421 hesten
832 3372 872 3421 die
891 3372 1182 3434 dergensl’rociliahei

149 3436 189 3486 82.
210 3440 350 3488 crocodilum
368 3448 408 3490 etc.
432 3436 542 3488 Nichtin
561 3437 626 3487 allen
669 3437 750 3491 Potin.
771 3438 858 3488 Fanril.
879 3439 950 3488 liorn.
965 3455 989 3505 p.
1006 3442 1063 3491 234.
1085 3440 1182 3489 ——Die

114 3501 218 3552 Theileu
235 3504 380 3569 Aegyptens
397 3506 480 3568 gallen
498 3505 634 3556 dicsclhen·
670 3506 938 3564 Constructiouslorm‚
968 3515 1029 3557 statt
1056 3525 1123 3574 quom
1140 3512 1183 3558 tihi

114 3569 206 3621 Thiere
225 3572 266 3621 fur
283 3571 366 3633 heilig,
387 3575 437 3623 und
452 3575 491 3624 die
504 3575 528 3622 in
545 3573 626 3624 ciuem
668 3577 711 3626 illo
734 3583 809 3626 oestro
827 3579 919 3641 Sospita
941 3579 1044 3636 videtur,
1072 3575 1105 3622 ist
1126 3573 1182 3624 eine

114 3637 202 3688 Theile
218 3640 353 3689 verehrten
371 3640 479 3691 hounten
503 3642 526 3690 in
546 3641 626 3692 einem
668 3641 1107 3705 beisolcheuVergleichungssdtzen
1118 3655 1182 3702 ganz

115 3708 209 3756 andern
228 3706 407 3757 unhedeulrlich
432 3710 544 3770 getdtltet
559 3725 626 3759 wer·
669 3709 839 3772 gewdhnliche
863 3710 1012 3760 Attraction.
1056 3707 1127 3757 Eheu
1153 3723 1181 3758 so

115 3776 176 3833 den,
197 3775 413 3839 wie-nameutlich
430 3791 478 3824 von
497 3777 544 3826 den
561 3777 626 3827 Kro-
669 3786 744 3828 unteu
764 3794 785 3827 c.
800 3780 840 3836 31,
863 3780 935 3829 8611.
957 3777 1028 3825 mehr
1045 3776 1126 3842 Beisp.
1140 3777 1181 3826 hei

114 3843 213 3894 lrodilen
225 3843 335 3894 Herodot
348 3843 377 3902 ll,
400 3845 431 3895 69
450 3843 625 3895 ausdriicklich
665 3844 788 3896 ‘Wunder
805 3845 837 3894 ad
856 3845 908 3894 Cic.
928 3858 967 3909 pr.
987 3843 1070 3893 Plane.
1091 3860 1114 3910 p.
1135 3846 1180 3896 103
1251 3876 1253 3883 ι

114 3911 235 3962 hemerkt.
263 3911 341 3962 lhissc
360 3911 456 3963 t'reilich
472 3908 626 3971 undRatzeu
669 3928 693 3961 u.
714 3913 816 3975 Madvig
833 3913 865 3961 ad
884 3911 935 3962 Cic.
957 3912 988 3961 de
1005 3912 1075 3962 Finn.
1095 3927 1120 3978 p.
1132 3915 1180 3964 150

114 3972 624 4043 wurenimganzeuLundegleicliheilig.
669 3996 693 4029 u.
715 3975 773 4032 294.
968 3994 973 4007 ²
1114 3991 1120 4001 ‘

115 3369 147 3419 46
