2640 4418
141 277 204 374 2116
489 321 533 371 ltu
551 265 686 372 11οΤ1]οΑ
704 320 849 372 DEORUM.
944 326 946 331 ’

182 508 225 519 -
246 475 372 537 sublime
396 475 533 545 condens,
558 493 651 554 quem,
664 477 807 545 invocant
829 474 930 535 oranda
943 473 1053 536 lovem.

143 561 242 642 Quare
265 559 353 638 igitur
374 559 475 638 plures
498 559 686 636 adiungimus
708 556 804 619 deos?
828 559 944 631 Quanta
966 567 1064 622 autem
1086 568 1134 620 est
1156 580 1213 623 eo·

143 664 208 707 rum
230 643 403 706 multitudo!
433 643 503 705 Mihi
527 644 647 722 quidem
676 662 748 704 sane
770 643 855 703 miilti
877 642 1023 704 videnlur.
1066 643 1229 722 Singulas.

142 729 222 791 enim
255 729 356 790 stellas
381 726 549 789 ‘numeratis
578 728 660 799 deos,
684 746 796 807 eosque
823 736 873 788 aut
894 726 1057 789 belluarum
1085 730 1212 794 nomine

140 814 313 894 appellatis,
347 823 379 874 ut
400 814 539 891 Capram,
572 819 605 873 ut
625 812 747 891 Nepam,
781 821 813 875 ut
835 812 980 886 Taurum,
1004 822 1036 873 ut
1057 814 1210 877 Leonem:

140 907 190 961 aut
225 917 324 959 rerum
359 897 597 971 inanimatam,
633 905 666 957 ut
686 899 773 974 Argo,
810 905 842 959 ut
859 899 957 968 Aram,
993 905 1026 958 ut
1047 897 1209 962 Coronam.

99 994 125 1043 41
144 983 203 1045 Sed
224 992 258 1044 ut
278 984 352 1043 haec
375 983 584 1054 concedantur,
607 981 721 1060 reliqua
745 986 795 1060 qui
818 983 937 1042 tandem
951 978 1110 1043 nonm¹odo
1134 1002 1210 1045 con·

33 1081 42 1090 ·
142 1068 217 1142 cedi,
252 1068 304 1128 sed
327 1066 448 1127 omnino
472 1065 598 1143 intelligi
632 1065 780 1145 possunt?
814 1066 911 1138 Quum
934 1067 1034 1144 lrnges
1056 1066 1209 1144 Cononem,

27 1148 30 1158 ’
53 1223 58 1236 ⁴
141 1153 242 1214 vinum
263 1151 403 1214 Liberum
426 1150 563 1224 dicimus,
586 1168 694 1228 genere
716 1168 771 1211 nos
785 1151 903 1229 quidem
927 1151 1074 1212 sermonis
1096 1152 1211 1215 utimur

141 1237 266 1299 usitato:
290 1236 343 1298 sed
366 1254 490 1314 ecquem
511 1243 572 1296 tam
594 1244 741 1296 amantem
764 1254 832 1296 esse
847 1244 943 1314 putas,
967 1236 1017 1314 qui
1040 1235 1123 1307 illud,
1148 1256 1208 1317 quo

139 1329 285 1394 vescatur,
309 1322 397 1381 deum
418 1320 520 1382 credat
542 1315 634 1380 esse?
656 1318 729 1381 Nam
752 1338 827 1398 quos
850 1320 885 1381 ab
907 1319 1079 1382 hominibus
1102 1339 1209 1399 pervo-

141 1407 223 1467 nisse
246 1402 321 1466 dicis
354 1405 502 1477 adduas,
537 1413 567 1464 tu
589 1403 681 1465 redde
708 1404 869 1475 rationem,
904 1404 1155 1484 quemadmodum
1178 1407 1209 1469 id

142 1491 208 1551 fieri
235 1489 368 1569 potuerit
399 1498 449 1549 aut
471 1507 524 1548 cur
545 1488 610 1549 fieri
632 1487 770 1562 desierit,
804 1496 833 1549 ct
855 1506 909 1566 ego
933 1489 1045 1550 discam
1067 1489 1208 1553 libenter.

141 1575 299 1647 Quomodo
321 1592 401 1634 nuno
423 1574 542 1652 quidem
565 1582 619 1644 est,
653 1591 714 1634 non
735 1573 831 1643 video,
866 1582 1033 1653 quopaoto
1056 1573 1123 1647 ille,
1161 1576 1209 1638 oui

139 1664 172 1720 tn
193 1670 292 1720 monte
316 1658 425 1747 Oetaeo
446 1657 549 1718 illotae
573 1657 722 1736 tampades
743 1659 877 1736 suerint,
910 1666 943 1718 ut
965 1658 1005 1719 ait
1026 1656 1139 1731 Attius,
1167 1646 1209 1724 'in

140 1745 259 1806 domum
281 1751 432 1803 ueternum
451 1746 553 1821 putris
576 1762 611 1804 ex
634 1742 684 1802 illo
707 1741 813 1803 ardore
833 1742 1017 1820 pervenerit:
1052 1760 1139 1822 quem
1164 1753 1208 1807 ta·

140 1846 209 1889 men
231 1828 378 1888 Homerus
401 1827 478 1906 apud
511 1826 625 1889 interos
658 1826 809 1888 conveniri
842 1827 914 1887 iacit
935 1827 972 1888 ab
995 1827 1092 1900 Ulixe,
1128 1829 1209 1891 sicut

98 1923 128 1974 42
142 1921 270 1986 ceteros,
294 1911 344 1990 qui
366 1916 556 1972 excesserant
576 1910 645 1972 vita.
689 1912 882 1990 Quamquam,
906 1930 992 1990 quem
1015 1912 1208 1990 potissimum

140 1997 298 2058 Herculem
321 1996 461 2068 colamus,
486 1997 563 2056 scire
586 2014 657 2056 sane
671 1997 772 2056 velim:
795 1996 896 2074 plures
910 1996 988 2056 enim
1011 1997 1131 2058 tradunt
1153 2017 1208 2059 no-

140 2081 188 2143 his
211 2082 241 2153 ii,
266 2081 315 2159 qui
344 2079 503 2141 interiores
525 2088 696 2141 scrutantur
723 2088 753 2140 et
774 2081 943 2141 reconditas
965 2080 1095 2141 litteras:
1129 2082 1208 2143 anti-

141 2165 333 2244 quissimum,
365 2165 574 2236 laceratum,
611 2165 663 2224 sed
687 2164 757 2224 item
779 2165 848 2225 love
870 2165 1087 2244 antiquissimo.
1129 2166 1208 2228 Nam

141 2251 226 2312 loves
250 2268 367 2329 quoque
391 2248 491 2327 plures
513 2249 544 2308 in
566 2249 675 2327 priscis
697 2249 875 2311 Graecorum
903 2249 1010 2310 litteris
1026 2249 1207 2315 invenimus

140 2335 184 2397 Ex
206 2353 242 2395 eo
264 2334 356 2412 igitur
377 2342 406 2394 et
428 2333 569 2413 Lysithoe
592 2343 638 2394 est
660 2335 686 2394 is
699 2332 851 2407 Hercules,
875 2352 961 2412 quem
985 2335 1206 2399 concertavisse

143 2466 271 2517 Naichsten
294 2467 408 2526 (nimlich
434 2466 492 2517 dass
522 2466 562 2517 die
579 2465 654 2517 Welt
697 2468 786 2529 genart
816 2483 849 2516 zu
878 2467 924 2517 deu
955 2465 1128 2534 interpolirten
1159 2469 1207 2520 dar

143 2535 206 2584 oder
223 2536 268 2583 der
286 2534 389 2583 Himruel
414 2534 474 2584 Gott
497 2535 557 2597 sei),
589 2535 654 2584 deun
696 2533 813 2601 Ncliyia.¹
899 2556 907 2563 ν
1067 2567 1069 2571 ⁴

144 2602 189 2651 das
203 2602 236 2651 ist
253 2603 312 2650 sehr
329 2603 442 2651 schlin:·‘
456 2631 487 2639 —
498 2618 573 2651 weun
591 2603 654 2651 auch
730 2605 771 2653 42.
792 2596 816 2669 ii
828 2606 868 2668 qui
885 2606 951 2654 inter.
970 2612 1039 2654 scrut.
1058 2612 1079 2654 ot
1095 2621 1139 2655 rec.
1157 2606 1205 2656 litt.

144 2669 240 2720 freiliolr
265 2669 332 2718 nicht
359 2669 442 2725 walrr,
475 2669 525 2718 wie
548 2668 598 2718 wir
621 2669 654 2719 im
691 2668 767 2718 ·0lme
784 2667 891 2719 Zweilol
909 2668 1043 2726 diesellveu,
1065 2669 1103 2719 die
1120 2684 1141 2718 a.
1159 2672 1198 2728 tt,

71 2765 76 2784 t
144 2737 220 2787 Sinue
245 2738 289 2787 das
312 2736 494 2787 diademiliers
521 2736 654 2786 hinzuden·
696 2738 730 2787 44
754 2741 872 2801 aeneoloai
902 2737 951 2785 und
975 2738 1015 2796 21,
1044 2738 1075 2789 53
1101 2740 1203 2802 tlvcoloai

103 2818 110 2831 ⁸
143 2805 191 2855 lien
208 2807 324 2864 miissen,
345 2821 372 2855 so
392 2805 450 2854 dass
467 2804 493 2853 iu
512 2804 567 2853 dem
584 2803 653 2854 Lobe
694 2812 806 2866 ‘genauut
833 2805 950 2862 werden,
987 2805 1011 2853 d.
1040 2805 1062 2854 l.
1089 2798 1204 2866 gelehrte

143 2874 206 2924 doch
224 2881 304 2924 etwas
327 2889 375 2922 von
393 2871 475 2922 lrouie
498 2871 572 2936 liogt,
599 2887 654 2921 was
696 2871 914 2939 Mytheulorsclrer
949 2872 995 2923 der
1028 2871 1206 2922 Alexandrini-

143 2943 205 2991 uoch
240 2942 310 2991 mehr
343 2941 518 2993 hervortreten
554 2941 650 2999 wiardo,
697 2940 771 2990 sciren
788 2939 857 2994 Zeit.
884 2939 979 2990 welche
997 2939 1038 2989 bei
1057 2940 1103 2994 dar
1119 2938 1205 2992 Masso

142 3008 301 3060 wannCotta
318 3017 406 3071 gesagt
423 3009 507 3058 hatte:
528 3013 574 3061 sint
587 3014 654 3061 etium
695 3023 744 3057 von
764 3008 1016 3074 widersprecheudeu
1040 3007 1089 3056 und
1114 3023 1207 3058 uovor-

140 3081 277 3143 proccloru:
313 3077 515 3139 ..meiuetwegeu
544 3090 601 3138 mag
626 3090 653 3126 cs
696 3075 925 3134 einharenFabolu,
947 3075 988 3127 dle
1002 3074 1040 3124 sio
1054 3075 1206 3138 riberjadcn

143 3145 204 3192 auch
223 3146 282 3194 sehr
298 3146 374 3196 schim
392 3144 479 3208 seint·
555 3178 563 3187 .
697 3142 757 3193 Gott
772 3143 918 3200 vorlandeu
941 3143 987 3192 auf
1000 3142 1047 3192 don
1063 3141 1206 3206 allerdings

115 3236 118 3242 =
176 3213 218 3261 41.
239 3217 279 3278 qui
295 3216 363 3273 illud,
379 3231 428 3279 qno
445 3221 566 3274 vescatur,
587 3216 653 3263 deum
696 3210 747 3261 sich
765 3211 841 3262 leioht
863 3210 1042 3261 durhietsndon
1065 3204 1205 3265 (ledanken

143 3296 193 3330 essa
216 3282 300 3330 credat.
335 3278 387 3328 Das
412 3294 469 3329 war
498 3279 560 3328 aher
588 3279 650 3328 auch
692 3280 794 3337 kamen,
829 3281 943 3328 mehrere
972 3278 1061 3330 Gotter
1092 3278 1206 3340 gleichas

143 3344 211 3395 nicht
229 3344 268 3395 die
285 3343 403 3409 Meiuuug
421 3347 467 3397 der
484 3346 594 3397 Stoiker.
622 3345 647 3396 S.
692 3344 801 3396 Namens
818 3362 849 3395 zu
867 3346 1071 3404 unterscheiden,
1097 3361 1139 3400 sm
1159 3347 1206 3397 da-

143 3429 174 3463 zu
192 3411 222 3472 11,
243 3415 283 3471 23,
305 3415 346 3465 60.
370 3408 378 3429 ‘
693 3415 770 3463 durch
798 3415 859 3479 jane
881 3413 1082 3481 Widersprriclro
1114 3415 1205 3465 aufzu·

100 3490 112 3515 Ι
176 3486 201 3533 in
217 3490 293 3534 monto
312 3484 393 3534 Oetaeo
416 3490 456 3534 etc.
491 3480 538 3530 llic
556 3478 650 3530 Warte
693 3482 803 3532 hebone

83 3588 86 3597 .
142 3547 247 3600 beziehn
265 3547 317 3599 sicli
337 3549 383 3599 aul
397 3549 444 3599 den
463 3547 593 3599 Herknles.
623 3546 651 3598 ln
726 3553 833 3614 castulae
855 3549 921 3601 wird
944 3564 992 3599 nur
1014 3550 1076 3599 noch
1094 3564 1144 3599 von
1163 3549 1203 3600 lo·

141 3616 253 3666 welchar
280 3615 406 3680 Trago'dic
437 3616 474 3666 sie
503 3617 647 3674 vorkamen,
692 3632 749 3667 ann.
769 3617 834 3685 Lyd.
856 3619 886 3668 de
909 3633 987 3667 mens.
1007 3616 1050 3674 lv.
1071 3619 1104 3669 46
1140 3654 1145 3666 .
1168 3619 1203 3671 82

142 3683 206 3735 lisst
228 3684 280 3735 sicli
305 3685 372 3736 nicht
396 3683 516 3748 augeben.
554 3683 580 3733 ln
599 3684 647 3733 den
689 3685 766 3735 Banu.
788 3687 908 3743 erwilrot,
930 3701 970 3735 wo
990 3685 1027 3734 sie
1045 3684 1100 3734 eine
1118 3633 1203 3736 'doch-
1233 3700 1238 3711 ’

143 3766 188 3802 aus
207 3752 343 3823 Sophokles
367 3753 526 3803 iibersotzten
543 3750 648 3801 Trachi·
689 3760 730 3803 tar
758 3754 802 3804 des
832 3753 948 3803 Okeanos
978 3752 1064 3816 heisst.
1102 3750 1203 3805 Wahr-

142 3819 439 3870 uierinnenschwerlioh:
455 3817 649 3870 elicrvielleicht
690 3821 823 3871 scheiuliclr
842 3822 875 3871 ist
891 3820 928 3870 sie
948 3820 1016 3869 nicht
1033 3820 1203 3872 verschieden

143 3885 175 3935 im
192 3887 325 3937 Pliiloktet.
690 3904 737 3937 von
752 3890 797 3938 der
808 3889 849 3938 bei
861 3888 1002 3938 demsellveu
1013 3904 1034 3937 c.
1045 3889 1109 3953 sap.
1121 3889 1204 3942 ttals

177 3957 295 4008 domnus.
314 3955 360 4005 Od.
375 3954 420 4012 xl.
439 3956 497 4006 600.
517 3953 648 4005 Dtesulle
690 3955 784 4006 Mutter
801 3957 845 4007 des
855 3955 983 4023 Dionysus
999 3963 1141 4018 gedeonico
1148 3957 1205 4027 Ly-
