2640 4418
1253 216 1265 262 li

363 388 367 409 ἶ
458 323 520 374 ure.
541 323 572 374 n·
593 324 664 376 cen.
685 327 727 379 ec.
748 290 789 378 ci.
810 327 850 380 er.
1135 312 1193 393 ¹39

134 481 257 544 tendum
280 489 340 553 εει,
364 482 466 540 eorum
486 478 614 540 consilio
637 479 779 542 mundum
803 480 1015 542 administrari.
1058 480 1196 542 Secunda

136 575 183 629 est
210 575 323 639 antem,
353 581 428 644 quae
456 563 559 635 dccet,
592 581 696 624 omnes
724 583 773 626 res
800 565 950 627 subiectas
979 583 1045 626 esse
1072 577 1196 627 naturae

137 650 289 722 sentienti,
311 649 348 711 ab
371 666 464 727 eaque
486 648 586 709 omnia
608 647 807 726 pulcherrime
829 643 902 728 geri.
944 650 1009 723 Quo
1033 650 1195 711 constitute

137 736 285 815 sequitur,
317 733 354 795 ah
378 733 815 813 animantibuslprincipiis-ea
838 754 906 796 esse
928 745 1079 812 generata.
1123 735 1196 796 Ter·

139 820 198 882 tius
219 827 266 881 est
285 819 386 890 locus,
416 817 466 896 qui
488 817 614 899 ducitur¹
629 835 664 877 ex
685 818 881 881 admiratione
902 837 1001 880 rerum
1023 819 1197 881 caelestium
1234 833 1240 839 ’

138 916 229 984 atque
255 902 451 965 terrestrium.
501 902 633 963 Primum
661 902 752 980 igitur
780 904 1024 980 antuegandum
1056 912 1102 964 εει
1129 922 1196 965 εεεε
1212 914 1242 964 76

138 990 226 1062 dees,
256 988 335 1068 qued
364 997 394 1046 et
412 986 793 1049 'nemocrimsrsimulacra
821 995 851 1049 et
876 987 1024 1066 Epicurus
1052 986 1197 1066 imagines

137 1075 281 1135 inducens
304 1072 535 1150 quedampectc
558 1081 661 1149 negem
683 1083 743 1147 aut,
767 1073 817 1152 qui
839 1072 913 1133 deos
935 1091 1003 1135 esse
1021 1072 1196 1156 macedam,

134 1159 173 1219 iis
195 1158 346 1223 latendum
370 1163 415 1216 est
438 1174 490 1217 ecs
514 1156 627 1236 aliquid
650 1174 738 1233 agere
766 1157 856 1237 idque
877 1156 1074 1236 praeclarum.
1116 1157 1198 1218 Nihil

136 1255 183 1305 est
204 1253 302 1304 autem
323 1240 507 1320 praeclarius
530 1241 633 1303 mundi
656 1241 928 1302 administratione:
957 1242 1079 1302 deorum
1108 1241 1199 1319 igitur

134 1327 263 1388 consilio
285 1326 518 1388 administratur.
563 1324 648 1398 Quod
672 1326 698 1386 si
721 1326 808 1387 aliter
829 1337 891 1400 est,
921 1326 1034 1405 aliquid
1063 1326 1198 1405 prolecto
1224 1402 1228 1409 ι

133 1430 258 1472 necesse
281 1420 416 1471 estesse
438 1410 545 1471 melius
568 1423 598 1471 et
619 1412 730 1471 meiere
753 1412 781 1472 vi
803 1410 970 1489 praeditum
999 1429 1087 1489 quam
1114 1411 1198 1482 dees,

91 1530 95 1538 .
136 1494 223 1575 quale
249 1495 278 1555 id
307 1512 434 1572 cumque
462 1503 523 1565 est,
555 1495 618 1555 sive
646 1495 776 1556 inanima
806 1505 909 1557 natura
937 1496 999 1556 sive
1022 1494 1197 1570 necessitas,
1279 1530 1287 1543 ·

101 1625 104 1629 .
135 1579 165 1639 vi
186 1597 291 1656 magna
313 1578 435 1639 incitata
456 1579 530 1640 haec
546 1579 747 1658 pulcherrima
769 1598 860 1660 opera
881 1580 1025 1653 efficiens,
1057 1574 1134 1660 quae
1155 1579 1199 1639 vi-

130 1665 251 1726 demus.
287 1663 353 1724 Non
376 1671 422 1724 est
443 1662 534 1740 igitur
554 1673 659 1725 natura
680 1665 803 1725 deorum
825 1674 1005 1744 praepotens
1027 1683 1125 1743 neque
1147 1683 1198 1725 ex·
1212 1677 1242 1726 τι

137 1748 267 1819 εεΙΙεηε,
294 1747 442 1826 siquidem
460 1766 505 1831 ‘lea
533 1748 668 1810 subiecta
699 1757 745 1810 est
767 1749 794 1809 ei
816 1750 862 1810 vel
884 1749 1056 1810 necessitati
1077 1750 1123 1810 vel
1146 1769 1199 1811 ne-

136 1845 229 1906 turae,
254 1851 310 1910 qua
334 1832 463 1905 caelum,
488 1837 598 1905 terrae,
621 1833 714 1900 meria
737 1837 885 1910 regantur.
928 1832 1079 1894 Nihilest
1100 1845 1198 1895 eutem

135 1917 334 1998 praestantius
357 1918 428 1977 dec.l
467 1916 510 1977 hh
541 1935 577 1977 ec
607 1915 697 1994 igitur
724 1935 849 1977 necesse
879 1926 926 1977 est
954 1918 1096 1977 mundum
1125 1918 1198 1995 regi.

135 2002 214 2064 Nulli
237 2013 283 2061 est
310 2000 401 2078 igitur
429 2010 551 2062 naturae
579 2001 723 2063 obediens
743 2000 801 2061 'ant
824 2001 975 2061 subiectus
998 2001 1082 2063 deus.
1127 2002 1198 2063 Om-

136 2106 205 2148 nem
229 2103 299 2164 ergo
321 2086 398 2164 regit
419 2085 485 2165 ipse
507 2096 651 2148 naturam.
694 2086 812 2146 Etenim
841 2087 866 2146 si
896 2084 1088 2147 caucedim'us
1112 2086 1212 2148 intel?

134 2172 260 2250 ligantes
283 2190 351 2233 esse
373 2171 462 2243 deos,
492 2171 684 2232 concedimus
707 2171 796 2232 etiam
818 2171 1024 2250 providentes,
1048 2179 1078 2232 et
1099 2190 1199 2233 rerum
1304 2183 1314 2205 s

135 2256 255 2334 quidem
277 2256 481 2317 maximarum.
525 2256 603 2333 Ergo
626 2266 723 2316 utrum
747 2255 899 2333 ignorant,
932 2274 1008 2333 quae
1036 2275 1085 2316 res
1108 2257 1199 2317 maxi-

135 2358 200 2400 mae
223 2339 298 2409 sint,
326 2358 446 2418 qnoque
473 2340 528 2399 hae
555 2340 644 2400 moda
667 2340 845 2400 tractandae·
860 2351 889 2400 ει
910 2340 1053 2414 tuendae,
1082 2359 1120 2400 an
1142 2342 1199 2401 vim

136 2442 195 2484 ncn
217 2423 337 2496 hahent,
362 2442 418 2502 qua
441 2431 538 2484 tantas
561 2440 610 2482 res
633 2423 800 2484 sustineant
822 2432 852 2484 et
873 2420 999 2500 gerant?
1020 2430 1058 2485 At
1072 2433 1102 2485 et
1115 2426 1201 2503 ignc-

66 2557 69 2567 ,
136 2508 212 2569 ratic
240 2526 339 2569 rerum
369 2509 466 2570 aliena
494 2516 617 2569 naturae
646 2509 769 2570 deorum
800 2519 860 2581 est,
895 2519 924 2568 et
946 2503 1112 2571 sustinendi
1135 2528 1200 2572 mu-

136 2593 217 2672 neris
239 2604 363 2672 propter
385 2592 619 2655 imbecillitatem
634 2592 795 2654 difficultas
810 2592 933 2653 minime
955 2593 1034 2655 cadit
1053 2595 1084 2655 in
1107 2595 1199 2655 maie-

135 2678 242 2740 s'tetem
266 2678 398 2757 deornm.
442 2678 484 2738 Ex
500 2696 565 2756 quc
589 2678 717 2739 eflicitur
739 2679 779 2751 id,
804 2679 883 2756 qued
905 2678 1198 2751 volumus‚‘decrum

133 2763 320 2842 providentia
343 2762 486 2824 mnndum
510 2763 722 2826 administrari.
766 2763 854 2841 Atqui
877 2768 1002 2823 neces'se
1025 2772 1081 2836 est,
1109 2782 1198 2842 quurn
1213 2759 1256 2831 31

135 2848 196 2906 sint
217 2846 269 2918 dii,
288 2847 314 2906 si
338 2847 426 2906 mode
450 2854 528 2919 sunt,
551 2855 584 2906 ut
598 2849 733 2925 prclectc
757 2856 834 2918 sunt,
859 2848 1024 2908 animantes
1043 2867 1119 2920 esse,
1143 2866 1199 2909 nec
1214 2859 1243 2909 78

135 2929 232 2990 solum
255 2931 438 3006 animantes,
469 2929 521 2988 sed
553 2931 641 2991 etiam
669 2930 794 2990 rationis
818 2942 972 3008 compotes
1001 2931 1081 2991 inter
1107 2950 1200 3011 seque

168 3081 209 3132 tc.
230 3083 353 3132 simulacre
378 3106 408 3116 -
433 3083 552 3144 imepiaes.
599 3077 645 3129 llic
689 3092 752 3140 ganz
770 3078 1008 3143 ohueEinwirlruug
1022 3081 1069 3130 nul
1080 3080 1199 3132 dieMeu·

135 3147 328 3197 verschiedcnen
336 3145 483 3197 husdrdclrc
493 3144 571 3195 scllen
580 3145 647 3196 nicht
689 3147 763 3197 schen
781 3161 877 3196 waren.
1078 3194 1081 3203 ,

135 3214 422 3266 cineVerschiedenheit
439 3214 463 3263 in
482 3214 529 3263 den
547 3215 646 3264 Annali-
721 3219 744 3266 ci
760 3233 843 3279 mcpce
859 3219 962 3267 incitata.
1000 3215 1065 3266 Eine
1089 3216 1127 3267 als
1145 3233 1199 3267 ur·

134 3298 189 3333 rnen
221 3279 309 3333 beidel
333 3282 497 3349 Philosophcu
531 3281 646 3332 bezeich·
688 3281 880 3351 sprirnglich
898 3283 1200 3349 gesetztethhweudig-

135 3365 197 3407 nen,
227 3350 336 3399 eundern
364 3351 419 3401 sind
449 3366 495 3400 nur
522 3365 569 3400 nur
595 3351 645 3403 Ab·
687 3350 753 3409 leit,
780 3350 822 3400 dic
846 3350 908 3408 doch
932 3351 1008 3401 durch
1032 3352 1120 3415 irgend
1144 3348 1200 3402 ein'c

133 3417 295 3479 wechselung
317 3417 467 3480 gebrauchte
491 3418 642 3486 synonyme.
688 3420 781 3468 audere
800 3418 901 3468 Gcwalt
917 3419 942 3467 in
955 3415 1140 3472 Wirlrsamlleit
1157 3436 1200 3482 ge-

135 3485 192 3547 Ver.
213 3484 237 3543 l,
266 3487 310 3543 12,
337 3487 384 3544 29,
410 3502 451 3537 wc
475 3487 539 3536 euch
555 3486 645 3539 Deme-
688 3487 856 3544 setzttvirrde,
873 3487 1197 3553 wirceinWiderspruch.

135 3553 199 3602 krits
216 3553 305 3603 Gdttcr
321 3559 431 3619 imcpinec
449 3555 556 3613 heusen,
576 3570 602 3604 u.
623 3552 641 3613 l,
687 3553 724 3604 Es
741 3554 774 3605 ist
791 3554 844 3604 also
862 3560 885 3606 ci
901 3574 985 3619 mcpnc
1002 3556 1068 3604 nicht
1082 3572 1113 3603 zu
1126 3555 1200 3604 riber-

136 3622 176 3679 26,
199 3620 255 3672 74.’
687 3630 773 3672 cctzeu
792 3622 919 3680 „durch
934 3622 1005 3670 ciue
1021 3622 1213 3686 gewaltige'

170 3693 268 3754 podem
283 3698 350 3755 pcctc
368 3698 442 3754 nepct.
470 3689 521 3739 Des
539 3690 584 3754 gill
601 3690 646 3740 mit
688 3689 823 3747 Kralt‘¹.
845 3689 953 3738 scudern
977 3689 1060 3747 „mit
1077 3691 1200 3753 gewal-

134 3757 276 3819 grdsserem
293 3757 388 3806 Rechte
400 3771 457 3805 vern
466 3754 568 3822 llpihur,
590 3758 646 3808 des·
688 3758 780 3821 tiger
792 3757 876 3806 Kral
879 3764 890 3805 t
899 3763 924 3814 “‚
946 3757 995 3805 und
1006 3762 1101 3809 incitate
1112 3759 1136 3808 in
1149 3775 1200 3809 ure·

79 3855 94 3867 -
133 3838 179 3941 lien
193 3831 346 3943 sogenanlltl?
356 3821 446 3873 Gdtter
458 3839 505 3942 ἕξιν
516 3824 583 3875 nicht
597 3827 645 3943 ldes
689 3825 784 3941 dialcril
798 3824 865 3873 nicht
882 3823 907 3871 iu
924 3824 1039 3888 passivcr
1055 3825 1200 3890 Bedeutnng

158 3906 243 3943 amens
260 3909 300 3942 we
359 3906 453 3949 waren.
501 3907 585 3943 avom
620 3911 646 3943 e·
688 3909 720 3943 zu
738 3908 768 3941 ue
786 3906 849 3940 men.

134 3960 238 4019 meluit,
266 3961 356 4012 descen
381 3959 471 4012 (letter
493 3959 556 4010 dccli
579 3961 647 4011 nicht
723 3963 879 4028 *llsstenian
917 3958 942 4009 S.
962 3975 993 4009 zu
1011 3976 1033 4010 c.
1056 3962 1086 4013 16
1103 3961 1163 4011 in..
