2640 4418
132 324 191 386 162
483 333 527 384 oe
545 331 681 383 Narona
699 331 846 383 uacabat.

128 488 190 568 pita
214 496 379 565 reponunt3
408 485 485 564 quod
511 484 580 563 quia
603 484 669 562 ipse
692 484 750 544 dara
772 485 872 544 lacere
892 502 954 544 non
983 494 1097 562 potest,
1127 484 1199 563 quia

128 571 302 634 nonhabet
330 570 377 629 cui
404 569 563 640 innitatur,
597 567 725 639 revolat,
754 577 786 628 ut
813 569 877 646 ipse
900 586 1020 646 quoque
1043 567 1198 646 quiescat:

127 657 158 717 in
181 655 246 728 eius
269 656 366 715 locum
389 672 446 714 una
470 652 604 713 succedit
625 672 659 713 ex
687 651 740 722 iis‘,
772 671 847 730 quae
879 651 1070 730 acquierunt,
1099 658 1199 731 eaque

72 752 115 803 126
129 739 304 801 vicissitudo
326 737 356 797 in
380 737 462 798 onrui
484 756 573 797 cursu
596 744 796 798 conservatur.
840 736 930 796 Multa
953 735 1101 797 eiusmodi
1124 756 1196 816 pro-

126 826 205 886 lerre
227 840 361 902 possum,
386 822 439 882 sed
462 839 555 898 genus
578 821 677 899 ipsum
699 821 817 881 videtis.
854 820 915 881 lam
938 838 1008 881 vero
1032 821 1081 880 illa
1104 821 1196 883 etiam

126 909 255 979 notiora,
280 914 389 985 quanto
413 925 446 966 se
469 924 560 984 opere
583 905 753 965 custodient
774 903 899 976 bestiae,
923 912 955 965 ut
977 904 1008 964 in
1023 917 1111 983 pastu
1135 906 1196 967 cir-

69 990 115 1059 50
128 998 348 1071 conspectant,
377 997 411 1051 ut
436 990 465 1050 in
496 988 644 1050 cubilibus
673 988 860 1049 delitescant.
903 991 1000 1067 Atque
1029 989 1079 1050 illa
1102 990 1195 1051 mira-

123 1076 205 1138 bilia.
236 1074 313 1148 Quid
338 1093 381 1146 ea,
405 1092 480 1152 quae
504 1092 608 1152 nuper,
632 1072 662 1133 id
684 1083 731 1133 est
751 1072 854 1150 paucis
878 1082 945 1133 ante
968 1073 1112 1145 saeculis·
1128 1093 1194 1136 me-

125 1161 258 1223 dicorurn
294 1158 423 1236 ingeniis
442 1166 573 1237 reperta
604 1153 705 1217 sunt?
732 1156 895 1215 vomitione
925 1174 1030 1229 canes,
1064 1166 1195 1235 purgata

60 1306 64 1310 .
124 1254 221 1309 autem
245 1242 327 1303 alvos
350 1243 414 1302 ibes
437 1241 597 1321 Aegyptiae
621 1248 735 1301 currant.
777 1240 916 1301 Auditum
940 1249 995 1312 est,
1019 1241 1194 1325 pantheras,

124 1346 201 1408 quae
223 1328 253 1389 in
278 1326 415 1388 barbaria
430 1335 574 1387 veneriata
593 1341 681 1385 carue
704 1336 890 1402 caperentur,
914 1324 1078 1385 remedium
1096 1327 1193 1404 quod-

1287 228 1309 299 l

1211 384 1312 607 ι

1301 610 1314 917 ³

124 1413 191 1475 dam
213 1412 336 1482 habere,
359 1429 416 1488 quo
444 1428 533 1489 quum
557 1417 752 1469 assentasse
775 1424 836 1468 non
858 1417 1062 1483 morerentur,
1085 1426 1209 1488 capras'

123 1506 221 1558 aretem
244 1496 274 1555 in
292 1495 377 1557 Creta
394 1495 482 1566 feras,
507 1510 596 1571 quum
619 1486 721 1553 esse'nt
743 1494 875 1553 confixae
891 1492 1042 1553 venenatis
1064 1494 1193 1571 sagittis,

121 1580 244 1641 herbam
274 1596 434 1656 quaerere,
468 1596 544 1656 quae
577 1578 744 1638 dictamnus
777 1585 960 1650 vocar·etur;.
983 1595 1070 1655 quam
1100 1597 1194 1660 quum

67 1675 109 1725 ιιι
125 1663 340 1742 gustavissent,
364 1661 487 1738 sagittas
511 1661 648 1722 excidere
671 1661 772 1721 dicuat
789 1669 973 1740 accipere.
1018 1663 1192 1742 Cervaeque
1277 1741 1280 1745 ¹

119 1747 222 1826 paullo
245 1754 451 1825 antepartum
474 1755 657 1824 perpurgant
679 1765 711 1807 se
735 1745 862 1823 quadam
885 1745 1018 1817 herbula,
1041 1765 1117 1831 quae
1140 1766 1193 1808 se-

122 1831 193 1893 selis
217 1830 337 1891 dicitur.
380 1830 443 1890 lam
472 1830 521 1890 illa
551 1830 717 1900 cernimus,
748 1838 780 1890 ut
808 1837 910 1890 contra
940 1830 997 1890 virn
1026 1839 1055 1890 et
1076 1839 1191 1892 metunt

59 1912 65 1918 ’
120 1915 183 1977 suis
206 1934 238 1975 se
261 1915 350 1976 armis
374 1928 510 1993 quaeque
532 1914 681 1975 defendat.
722 1914 868 1973 Curetibus
892 1911 988 1985 tauri,
1002 1913 1068 1992 apri
1090 1913 1189 1975 denti-

118 1999 184 2072 bus,
208 2017 308 2059 morsu
332 1999 444 2069 leones,
468 1999 543 2059 aliae
566 2000 634 2074 luga
658 2017 700 2068 se,
724 1997 799 2056 aliae
823 1980 1022 2059 occultalione
1046 2006 1191 2080 tutantur,

116 2082 275 2144 atramenti
299 2082 446 2149 effusione
469 2083 584 2161 sepiae,
609 2094 729 2160 torpore
753 2083 942 2159 torpedines:
967 2083 1076 2143 multae
1099 2083 1192 2149 etiam

62 2163 102 2233 51
120 2167 303 2229 insectantes
332 2166 434 2226 odoris
464 2166 645 2226 intolerabili
674 2165 816 2226 foeditate
847 2167 1008 2244 depellunt
1060 2167 1094 2228 Ut
1117 2185 1190 2251 vpro

118 2336 311 2406 cascspelh'tur.
347 2331 417 2382 Deua
436 2331 516 2381 bieria
535 2331 631 2382 scheint
673 2331 748 2387 cheu,
776 2331 885 2383 welches
903 2332 940 2381 sic
958 2332 1035 2382 durch
1055 2332 1189 2403 Graslres-

117 2415 150 2449 ιιι
166 2398 256 2462 hegen,
279 2400 336 2449 dass
354 2400 391 2450 sie
402 2415 481 2463 gegen
492 2398 629 2450 denWiud
672 2398 879 2458 son-bewirkeu,
901 2399 953 2449 sich
972 2399 1019 2449 don
1035 2399 1126 2463 Magon
1143 2416 1188 2450 cu-

118 2466 253 2529 aulllegem
285 2467 348 2516 daun
380 2467 441 2516 aber
468 2468 565 2518 kduueu
592 2467 629 2517 sie
671 2465 747 2524 rireu,
779 2464 845 2517 wird
861 2466 974 2517 aierulicb
992 2464 1124 2531 allgemeiu
1142 2483 1187 2518 aa·

117 2533 186 2582 nicht
213 2549 262 2582 von
289 2534 373 2583 hiuten
401 2536 446 2583 her
473 2535 549 2584 durch
581 2535 628 2584 deu
672 2549 824 2596 genomruen.
879 2534 1037 2601 Uebsrbaupt
1071 2535 1187 2585 besitzcu

117 2599 198 2650 Wiud
222 2600 353 2662 geldrdert
369 2602 481 2663 werden.
504 2631 532 2638 -
561 2600 628 2652 Wus
671 2598 1018 2659 viele'l'bieredcu'lustiach
1039 2602 1187 2653 bciKrauk·

116 2668 226 2728 uccbber
243 2675 331 2730 gesagt
348 2667 421 2726 wind,
443 2668 559 2725 dassdic
577 2669 628 2718 biu·
672 2668 754 2718 heiteo
773 2669 836 2718 oder
852 2668 1064 2732 Vcrwuuduugeu
1088 2671 1133 2720 das
1152 2676 1185 2723 ad

115 2743 187 2786 terea
205 2734 313 2797 iurZuge
332 2735 385 2784 ihre
398 2735 477 2801 dele
497 2737 627 2787 undlldlse
670 2736 801 2798 gcuiesseu
820 2737 882 2786 oder
899 2753 930 2786 ιιι
948 2737 1015 2794 thuu,
1037 2752 1091 2787 was
1109 2737 1186 2788 ihueu

115 2798 217 2853 auldie
235 2802 463 2865 vordereu'legen,
495 2804 561 2853 wird
585 2804 627 2854 be·
670 2803 773 2855 beilsaru
801 2803 847 2860 ist,
878 2805 927 2854 uud
953 2820 981 2854 so
1007 2806 1094 2867 andger
1119 2807 1182 2855 arach

114 2869 222 2921 suittca.
246 2872 407 2920 'Ancrkauat
424 2871 486 2921 aber
503 2872 543 2930 ist,
569 2873 627 2922 dass
670 2871 710 2920 dic
728 2870 875 2933 Purganzea
900 2872 944 2921 des
962 2871 1012 2921 lbis
1037 2872 1091 2923 ihre
1109 2872 1185 2922 llich-

114 2937 140 2987 iu
158 2938 204 2987 der
216 2938 334 3001 Fdhruug
352 2940 396 2989 des
412 2938 494 3001 Zuges
514 2938 626 2990 iuehrere
670 2938 760 3000 tigkeit
777 2939 864 2997 baben,
885 2955 959 2989 weuu
973 2941 1034 2989 auch
1048 2941 1093 2990 das
1108 2942 1182 2990 uach-

115 3004 167 3054 sicb
186 3005 296 3054 abldseu.
670 3006 716 3055 her
737 3022 784 3055 von
796 3014 800 3019 '
812 3008 858 3057 deu
877 3006 1009 3056 Panthera
1021 3007 1070 3062 und
1088 3007 1183 3058 wilden

149 3069 200 3125 50.
223 3075 280 3124 126.
301 3092 328 3124 eu
346 3092 404 3138 quoe
416 3101 445 3109 -
458 3083 547 3140 reptatu
565 3085 624 3126 saut.
668 3072 763 3137 Ziegeu
787 3074 919 3135 Erzaihlte¹
935 3074 1002 3125 nicht
1024 3090 1056 3124 ιιι
1073 3074 1181 3137 glauben
1242 3112 1247 3125 ,

113 3135 182 3186 Wus
205 3154 253 3187 vou
283 3139 328 3189 den
354 3140 463 3189 Aerzten
491 3140 621 3199 crsuudeu,
668 3141 707 3197 ist,
730 3142 877 3191 natitenllich
896 3141 1124 3192 dasllercuslulleu
1135 3143 1183 3193 der

113 3203 237 3262 istuicht,
259 3205 317 3255 dass
336 3206 623 3258 dieHundesichdurcb
667 3207 747 3258 Pleile
777 3211 838 3258 uach
864 3209 919 3258 dern
944 3209 1041 3259 Genuss
1069 3209 1113 3259 des
1137 3209 1183 3259 Di·

112 3270 270 3327 Erlirecheu,
301 3273 341 3322 die
365 3273 415 3324 lbis
434 3276 511 3325 durch
529 3276 624 3325 Abliih-
667 3283 786 3325 elaturus.
825 3275 929 3326 Eradhlt
960 3277 1026 3326 wird
1061 3277 1180 3339 dhrigeus

112 3346 176 3402 rung
193 3338 306 3398 cuniren,
333 3341 440 3391 sondrrn
458 3342 499 3392 die
517 3345 623 3392 Anwen·
665 3342 752 3392 bcides
770 3359 817 3391 vou
836 3344 966 3393 mehrereu
988 3344 1056 3394 alten
1074 3344 1183 3394 Schrill—

112 3404 179 3469 du‘ug
201 3423 249 3456 rou
273 3407 414 3458 Voruitiven
440 3411 488 3459 und
512 3409 623 3472 Purgau-
666 3409 778 3460 stellern.
969 3421 974 3425 ’
994 3466 999 3473 ‚
1034 3468 1040 3475 Ι

111 3488 157 3523 zeu
182 3473 223 3524 bei
246 3474 387 3526 Menscbeu.
427 3476 535 3527 Cicero‘s
558 3479 622 3526 Aus-
701 3479 757 3528 127.
779 3482 857 3529 odoris
883 3484 1000 3544 foeditate.
1038 3478 1090 3529 Das
1112 3481 1181 3544 jstzt

111 3540 189 3590 druck
221 3542 255 3592 ist
282 3544 433 3606 abgekrirat:
471 3545 622 3607 vollstaindig
665 3552 817 3607 sogeuaante
837 3544 1026 3596 Stiaktbier
1042 3546 1108 3597 kann
1125 3548 1180 3597 hicr

109 3609 197 3658 wrirde
223 3610 268 3658 der
286 3611 405 3661 Gadanke
431 3619 499 3661 elwa
518 3627 545 3661 so
565 3628 641 3664 aus-.
665 3612 732 3663 nicht
749 3612 858 3674 gemeiut
875 3614 946 3672 seia,
966 3615 998 3663 da
1016 3614 1070 3664 dies
1089 3631 1135 3664 urar
1153 3616 1178 3664 iu

110 3676 231 3737 gedrdclt
250 3679 317 3729 selu:
338 3690 541 3746 prestrepentes
558 3690 619 3742 saut,
663 3681 783 3730 Anterilca
815 3680 875 3730 lebt.
913 3682 981 3731 Aber
1009 3697 1036 3731 es
1064 3681 1178 3732 hesitzeu

109 3746 163 3794 boec
182 3764 196 3794 u
214 3739 292 3796 hestiis
311 3767 400 3813 quique
426 3752 477 3811 fieri
500 3751 619 3798 videmus:
664 3749 725 3796 auch
750 3750 863 3798 mehrere
890 3749 1060 3814 Europaiiache
1084 3748 1178 3799 Thiere

107 3827 159 3860 arura
185 3815 304 3863 aronrlta'oue
328 3833 395 3865 orrares
415 3824 456 3866 etc.
484 3843 511 3850 -
537 3812 621 3862 Ucben
664 3815 703 3864 dle
722 3815 892 3879 Eigeuschuh‚
916 3816 958 3865 hei
976 3832 1079 3878 grosscr
1098 3819 1178 3879 Angst

107 3893 179 3940 auprr
202 3878 250 3939 vgl.
279 3896 309 3928 zu
333 3895 354 3929 c.
383 3884 405 3938 5,
436 3884 474 3931 14.
503 3910 517 3916 -
555 3881 619 3933 Dass
663 3882 735 3933 einen
763 3884 821 3935 sehr
850 3884 922 3934 dblcu
942 3882 1040 3932 Gerar-b
1064 3900 1094 3932 ιιι
1120 3900 1177 3934 ver-

107 3941 224 4005 iibrigeus
250 3947 289 3995 die
315 3947 402 3996 Hundc
427 3948 503 3997 durch
525 3947 619 3997 Erbrc-
661 3949 767 4001 breiteu.
