2640 4418
155 283 233 361 420
528 249 890 372 nnuarunu'unonuu.

171 447 348 528 quidquam,
383 439 461 520 quod
494 457 561 526 non⁸
588 439 660 500 insit
687 439 719 501 in
750 443 810 515 eq)
838 441 991 521 perlectus
1019 443 1152 523 undique
1185 456 1244 509 est.

171 532 230 605 Qui
253 529 343 608 igilur
364 533 465 605 potest
486 522 514 583 ei
538 525 644 586 deesse
667 523 800 603 idquod
824 533 871 587 est
892 524 1063 605 optimum?
1083 528 1175 590 'Nihil
1193 540 1243 593 est

112 621 115 627 '
170 619 392 678 autemmente
422 616 450 669 et
478 607 594 669 ratione
621 609 739 671 melius.
782 609 860 687 Ergo
887 610 963 672 haee
991 612 1103 673 mundo
1131 613 1242 677 deesse

125 694 128 703 ’
170 718 231 761 non
254 702 390 777 possunt.
423 693 503 752 Bene
525 691 615 769 igitur
636 693 714 755 idem
731 693 925 773 Chrysippus,
949 694 1001 773 qui
1024 695 1240 761 similitudines

168 780 334 858 adiungens
357 777 455 838 omnia
478 776 675 854 inperfectis
698 789 728 838 et
749 776 874 839 maturis
895 778 984 840 docet
1006 798 1073 842 esse
1102 781 1239 855 meliora,

168 878 201 929 ut
223 867 254 927 iu
276 883 354 944 equo
384 880 471 941 quam
494 861 525 920 in
554 862 680 940 equulo,
710 863 740 922 in
771 882 844 924 cane
874 881 961 942 quarn
989 863 1020 925 in
1050 865 1170 941 catulo,
1206 866 1238 928 in

167 951 231 1013 viro
255 967 342 1029 quam
364 947 396 1007 in
417 963 528 1024 puero:
559 945 645 1019 item,
681 946 760 1025 quod
783 946 815 1006 in
844 946 925 1007 omni
948 947 1060 1011 mundo
1088 950 1236 1028 optimum
1255 1010 1259 1018 ,

124 1045 155 1098 39
169 1037 234 1108 sit,-
253 1035 283 1095 id
313 1033 343 1093 in
372 1030 505 1110 perfeeto
535 1028 634 1109 aliquo
657 1037 746 1108 atque
768 1029 906 1092 absoluto
929 1050 996 1093 esse
1019 1033 1139 1094 dehere,
1182 1035 1240 1095 llst

167 1128 265 1181 autem
294 1115 405 1178 mundo
438 1113 513 1175 nihil
540 1115 716 1191 perfectius,
751 1114 826 1174 nihil
860 1116 964 1180 virtute
992 1116 1116 1178 melius:
1145 1117 1239 1194 igitur

165 1203 269 1265 mundi
292 1209 339 1263 est
360 1198 482 1278 propria
504 1196 609 1260 virtus.
643 1199 705 1258 Nec
726 1217 796 1259 vero
819 1198 950 1260 hominis
968 1206 1077 1261 'natura
1101 1202 1235 1280 perlecta

130 1302 133 1307 ’
166 1295 227 1351 est:
259 1295 288 1347 et
316 1284 446 1346 elhcilur
474 1293 574 1342 tamen
604 1282 632 1341 in
656 1281 777 1342 homine
799 1282 903 1344 virtus.
950 1283 1067 1355 Quanto
1091 1284 1181 1364 igitur
1202 1287 1234 1349 in

76 1420 79 1424 .
108 1366 110 1368 ’
165 1372 277 1434 mundo
300 1365 441 1430 facilius?
470 1367 525 1425 Est
553 1383 623 1444 ergo
653 1366 684 1427 in
706 1385 742 1426 eo
764 1366 868 1428 virtus.
914 1368 1041 1446 Sapiens
1065 1377 1111 1430 est
1133 1371 1233 1448 igitur,

97 1466 119 1506 f
155 1469 196 1519 et
216 1463 376 1535 propterea
399 1451 485 1513 deus.

108 1537 150 1606 15
251 1543 346 1615 litque
367 1536 424 1595 hac
445 1532 548 1594 mundi
571 1533 916 1614 divinitateperspecta,
941 1513 1097 1597 tribuenda
1121 1547 1166 1600 est
1189 1537 1232 1599 si·

163 1623 286 1685 derihus
309 1620 412 1681 eadem
436 1617 591 1689 divinitas,
620 1636 696 1696 quae
726 1637 762 1678 ex
787 1618 986 1680 mobilissima
1008 1620 1231 1700 purissimaque

163 1706 293 1770 aetheris
315 1713 399 1783 parte
422 1698 596 1779 gignuntur,
626 1720 723 1780 neque
752 1703 810 1763 ulla
832 1711 986 1781 praeterea
1009 1716 1079 1765 sunl
1100 1705 1234 1768 admixta

163 1801 283 1861 natura,
313 1797 442 1866 totaque·
463 1797 533 1846 sunt
561 1785 655 1846 calida
686 1795 774 1864 atque
791 1777 968 1866 perlucida3
997 1798 1031 1848 ut
1052 1808 1086 1850 ea
1110 1795 1231 1869 quo'qoe

162 1876 330 1938 rectissime
353 1879 383 1932 et
405 1870 575 1933 animantia,
590 1890 672 1944 esse,
697 1881 726 1932 et
748 1872 859 1932 sentire
881 1879 970 1949 atque
993 1873 1159 1951 intelligere
1181 1874 1232 1934 di·
1259 1870 1274 1897 ⁸

162 1970 276 2021 cantur.
322 1961 417 2034 Atque
440 1974 474 2015 ea
499 1955 619 2033 quidem
643 1963 703 2016 tota
727 1976 794 2016 asse
817 1956 913 2033 ignea,
938 1956 1064 2018 duorum
1087 1974 1230 2019 sensuum

163 2043 334 2105 testimonio
365 2039 534 2101 confirmari
564 2039 722 2112 Cleanthes
751 2049 850 2118 putat,
884 2048 979 2101 tactus
1008 2051 1037 2100 et
1065 2041 1232 2103 oculorum.

15 2128 235 2212 *ml-Mam
265 2118 476 2203 solislcandor
503 2122 649 2183 illustrior
677 2131 723 2184 est
752 2143 839 2201 quam
872 2124 962 2185 ullius
992 2124 1084 2202 ignis,
1117 2126 1231 2205 quippe
1271 2173 1274 2176 -

160 2212 211 2291 qui
242 2211 273 2271 in
302 2211 448 2270 immenso
478 2207 589 2268 mundo
620 2215 678 2268 tam
706 2208 794 2285 louge
816 2209 934 2288 lateque
957 2209 1119 2283 colluceat;
1148 2217 1178 2270 et
1201 2210 1241 2271 is'

162 2296 226 2357 aius
253 2302 350 2356 tactus
379 2301 451 2364 est,.
469 2310 529 2351 non
559 2299 591 2351 ut
619 2291 778 2370 tepefaciat
805 2293 918 2365 solum,
948 2294 1001 2354 sed
1025 2293 1113 2354 etiarn
1136 2313 1229 2372 saepe
1264 2312 1274 2320 ’

160 2378 324 2448 comburat,
348 2386 473 2455 quorum
496 2385 633 2454 neutrum
650 2376 769 2448 laceret,
793 2376 852 2438 nisi
875 2385 955 2438 esset
976 2378 1093 2454 igneus.
1117 2378 1227 2456 „Ergo
1266 2421 1272 2431 ,

161 2463 265 2541 inquit,
291 2479 379 2540 quum
403 2460 448 2530 sol
471 2461 576 2537 igneus
595 2460 635 2520 sit
651 2461 815 2539 oceanique
838 2461 933 2521 alatur
947 2462 1133 2533 humoribus,
1158 2462 1226 2541 quia

116 2558 144 2608 41
160 2546 259 2609 nullus
281 2544 360 2622 ignis
383 2544 447 2605 sine
469 2551 557 2623 pastu
580 2543 679 2621 aliquo
702 2546 799 2622 possit
821 2541 1008 2623 permanere:
1033 2564 1157 2607 necesse
1180 2555 1254 2608 est·

159 2639 210 2692 aut
238 2628 413 2707 ei„.similis'
432 2628 472 2688 sit
493 2629 555 2704 igni
585 2647 672 2707 quem
702 2629 878 2691 adhibemus
907 2629 943 2689 ad
967 2646 1053 2688 usum
1076 2637 1164 2707 atque
1187 2632 1226 2691 ad
1260 2653 1266 2686 .·

157 2716 281 2783 vicerim,
306 2721 356 2773 aut
379 2712 406 2774 ei
429 2713 478 2790 qui
502 2711 678 2795 corporibus
701 2712 894 2773 animantium
918 2712 1097 2772 continetur.
1134 2714 1226 2791 Atqui

156 2799 205 2859 hic
227 2806 331 2858 noster
352 2797 445 2875 ignis,
477 2816 563 2875 quem
587 2814 659 2856 usus
680 2797 758 2857 vitae
781 2796 919 2874 requirit,
949 2796 1104 2859 conlector
1126 2807 1173 2857 est
1195 2807 1224 2861 et

150 2891 354 2962 consumptor
381 2881 529 2954 omnium,
558 2880 713 2958 idemque,
747 2873 934 2960 quocumque
961 2880 1084 2952 invasit,
1120 2890 1225 2942 cuneta
1284 2958 1289 2965 ι

191 3027 241 3085 15.
261 3032 303 3082 39.
324 3050 382 3097 quoe
400 3059 431 3067 -
449 3036 579 3096 qiqnuutur.
608 3029 666 3092 Vgl.
711 3032 751 3088 46,
768 3033 814 3082 97:
835 3049 864 3082 ece
882 3022 925 3096 quo
938 3033 1087 3094 *inlelliqilun
1105 3034 1158 3095 plns
1175 3022 1223 3082 ler-

158 3112 180 3146 c.
201 3097 241 3152 36,
263 3099 304 3148 92.
327 3122 354 3131 -
374 3097 439 3147 llass
465 3097 582 3160 libripens
606 3099 668 3148 auch
710 3116 789 3150 rorum
809 3103 867 3150 ritus
891 3115 959 3163 quem
982 3101 1050 3147 lende
1073 3105 1147 3149 tuctus
1170 3097 1223 3160 (die

157 3163 238 3214 there
249 3163 470 3231 Philosophenvor
487 3166 533 3214 den
551 3165 668 3215 Stoikern
711 3164 907 3226 Einwirkungen
931 3163 975 3213 des
993 3162 1106 3223 Mendes)
1131 3169 1162 3216 od
1179 3175 1225 3217 noss

157 3231 198 3281 die
218 3229 334 3281 Gestirue
358 3233 399 3281 hir
416 3232 506 3283 Gdtter
530 3232 665 3290 erkliirten
710 3237 818 3285 coendum
835 3236 918 3284 ualere.

157 3297 377 3361 huheupvirlfld.
393 3301 433 3351 25.
456 3302 495 3356 11.
509 3303 549 3352 27.
572 3302 610 3359 12,
624 3302 664 3352 30.
745 3304 869 3364 oceanique
891 3302 968 3350 aletur
985 3302 1126 3351 humoribus.
1161 3298 1219 3361 Vgl.

134 3353 147 3385 ¹
157 3366 258 3430 gesem
710 3383 732 3416 e.
753 3367 792 3424 33,
815 3367 846 3418 83
863 3380 887 3414 u.
902 3367 943 3423 46,
958 3367 1015 3418 118.
1036 3364 1108 3428 Diog.
1120 3364 1150 3415 L.
1163 3365 1218 3423 Vll.

122 3474 124 3479 .
191 3439 326 3486 animantia.
345 3433 401 3497 Vgl.
418 3434 500 3485 Somn.
516 3435 663 3500 Seip.·c.3:
711 3427 1224 3512 145:rps'paqoardt-ctrpdvlnov
1270 3432 1280 3440 ’

155 3520 184 3552 cc
201 3505 250 3553 illie
269 3508 411 3568 sempiternis
437 3508 536 3568 iqnihns,
557 3522 614 3569 quoe
632 3508 666 3555 ei·
708 3497 737 3552 ἐκ
754 3501 802 3563 τῆς
817 3499 935 3570 μεγαλης
951 3495 1104 3561 θαλάττης,
1123 3517 1154 3564 vn
1191 3497 1223 3548 *v

154 3572 209 3620 duo
227 3574 446 3634 etetellosooeotis,
466 3588 564 3635 qnae·
581 3575 666 3623 diuinis
709 3563 868 3653 inediaeque
891 3587 924 3627 α,
948 3565 999 3649 τὴν
1016 3564 1046 3618 δὲ
1064 3564 1157 3632 σελήνη
1199 3631 1208 3648 Ι

154 3640 268 3688 animatae
284 3643 397 3690 mentibus
418 3647 460 3690 clo.
652 3674 659 3685 κ
705 3635 853 3704 ποτίμωνυ
873 3633 955 3694 uitur,
971 3637 1104 3704 αερομιγῆ
1189 3653 1222 3686 α·

135 3707 137 3711 ’
187 3705 228 3753 40.
248 3708 269 3755 ie
287 3709 336 3756 eius
352 3715 426 3768 taetus
445 3714 493 3756 est:
512 3702 588 3761 „ihre
604 3702 664 3752 uin·
706 3717 809 3754 νουσαν
826 3701 873 3754 καὶ
889 3699 1038 3771 πρόσγειον
1055 3691 1088 3752 n’
1141 3736 1149 3753 .
1245 3724 1249 3737 .

151 3768 235 3818 wirlru
283 3772 330 3821 aul
344 3770 514 3823 dasGelirhl“
528 3788 573 3827 -;
594 3771 663 3820 weih-
740 3774 781 3823 41.
803 3780 918 3839 confector
935 3781 1132 3837 consumptaeque.
1167 3770 1219 3821 llus

151 3837 214 3885 rcnd
226 3853 241 3886 v
254 3839 318 3896 *rher
335 3849 408 3892 tortae
426 3839 473 3888 den
487 3838 547 3888 Sinn
560 3838 604 3887 das
614 3837 663 3887 Ge·
706 3838 798 3889 zweite
807 3837 885 3890 Wort
895 3837 1162 3901 zorVerdeutlichuug
1175 3838 1220 3888 des

151 3902 217 3954 ldhls
240 3904 382 3956 hedeutete.
419 3905 476 3968 Vgl.
497 3906 528 3955 dc
551 3904 607 3954 Div.
628 3903 659 3963 ΙΙ,
706 3913 798 3977 ersten,
819 3907 929 3957 welches
944 3904 1045 3955 fflrsieh
1059 3904 1220 3956 alleinzwei-
