2640 4418
90 276 135 338 56
162 326 165 331 .
448 286 492 337 nn
511 283 646 336 nonum
664 284 802 336 nnonun

91 441 250 504 incorum
283 439 418 519 ipsorum
450 456 589 513 numero,
627 438 664 500 de
697 439 806 518 quibus
842 438 918 500 haec
948 437 1084 517 quaestio
1107 451 1166 513 est,

90 526 200 588 hebere
222 523 339 586 debeat.
382 523 470 585 Solus
493 523 573 583 enim
595 523 683 598 vidit,
714 524 846 605 primum
869 541 937 584 esse
960 524 1049 596 deos,
1084 523 1165 603 quod

92 611 124 671 in
147 609 280 671 omnium
302 607 410 670 animis
433 626 536 668 eorum
557 607 710 669 notionem
733 607 939 687 impressisset
960 607 1027 686 ipsa
1048 615 1165 669 natura.

94 693 179 767 Quae
201 705 247 754 est
280 690 462 770 enim'gens
498 701 549 753 aut
578 693 658 770 quod
681 710 774 770 genus
796 691 966 763 hominum,
1000 691 1080 770 quod
1103 710 1166 753 nou
1211 717 1215 728 ¹
1274 709 1278 719 ·

91 777 201 839 haheat
221 777 288 839 sine
311 776 447 837 doctrina
468 775 713 856 anticipationem
730 777 878 856 quandam
903 771 1052 838 deorum?
1075 794 1165 855 quam

93 861 225 941 appellat
254 853 427 944 πρόληψιν
448 861 611 940 Epicurus,
645 861 675 921 id
707 869 754 923 est
787 868 975 940 anteceptam
996 859 1096 922 auimo
1118 859 1166 922 rei
1216 864 1219 874 '

93 946 243 1024 quandam
264 944 516 1016 informationem,
540 944 678 1024 sineque
695 962 752 1007 nec
775 943 901 1021 intelligi
923 944 1086 1025 quidquam
1107 962 1169 1005 uec

93 1031 197 1108 quaeri
226 1048 282 1091 neo
304 1029 450 1108 disputari
482 1037 592 1108 potest.
638 1029 728 1091 Cuius
759 1029 885 1091 rationis
912 1028 973 1089 vim
996 1039 1084 1108 atque
1105 1029 1165 1090 uti-

90 1114 204 1176 litatem
228 1126 264 1176 ex
285 1113 336 1174 illo
360 1113 481 1174 caelesti
503 1113 624 1192 Epicuri
647 1114 684 1174 de
706 1114 808 1191 regula
830 1121 860 1174 et
879 1112 991 1174 iudicio
1012 1111 1166 1194 volumine

34 1194 77 1264 17
90 1198 271 1278 accepimus.
316 1197 402 1280 Quod
430 1197 520 1275 igitur
542 1198 765 1259 tundamentum
789 1197 877 1258 huius
900 1197 1086 1276 quaestionis
1108 1204 1166 1271 est,

47 1293 78 1343 44
93 1283 123 1344 id
145 1283 300 1362 praeclare
322 1284 432 1343 iactum
453 1281 570 1342 vidctis.
616 1280 713 1353 Quum
726 1281 805 1343 enim
827 1299 889 1342 non
902 1281 1038 1343 instituto
1062 1281 1164 1360 aliquo

91 1377 142 1429 aut
161 1386 245 1428 more
269 1372 320 1427 aut
341 1367 407 1443 lege
430 1364 470 1426 sit
491 1365 595 1447 opinio
618 1366 794 1438 constituta,
818 1373 997 1444 maneatque
1012 1366 1049 1427 ad
1072 1383 1165 1426 uuum

89 1451 223 1512 omnium
244 1451 329 1510 firma
352 1449 530 1511 consensio:
564 1448 690 1528 intelligi
720 1467 846 1511 necesse
878 1458 941 1522 est,
976 1468 1045 1511 esse
1076 1449 1164 1523 deos,

91 1535 232 1616 quoniam
254 1534 362 1596 insitas
386 1552 490 1594 eorum
521 1532 566 1595 vel
589 1534 690 1611 potius
722 1535 838 1596 innatas
861 1533 1051 1612 cognitiones
1072 1533 1165 1596 habe·

91 1638 168 1681 mus.
211 1619 254 1680 lle
283 1636 342 1696 quo
380 1628 478 1677 autem
512 1617 644 1678 omnium
675 1627 780 1680 natura
803 1618 963 1691 consentit,
997 1619 1028 1680 id
1060 1636 1166 1679 verum

92 1721 161 1764 esse
182 1721 309 1764 necesse
333 1709 388 1761 est.
431 1701 507 1762 Esse
538 1701 630 1779 igitur
651 1702 724 1764 deos
748 1703 951 1763 confitendum
974 1710 1029 1763 est.
1074 1702 1165 1774 Quod

92 1786 233 1867 quoniam
262 1786 324 1846 lere
354 1793 472 1847 constat
504 1786 582 1847 inter
615 1805 719 1847 omnes
742 1805 802 1847 non
824 1787 1022 1866 philosophos
1055 1786 1165 1860 solum,

90 1871 144 1933 sed
166 1870 256 1932 etiem
278 1869 435 1931 indoctos:
459 1871 612 1942 fateamur,
637 1880 775 1932 constare
790 1871 863 1932 illud
886 1871 985 1943 etiam,
1007 1871 1085 1932 hanc
1106 1888 1166 1932 uos

90 1956 211 2017 habere,
225 1954 287 2015 sive
310 1953 572 2033 anticipationem,
596 1963 628 2015 ut
649 1965 718 2016 ante
741 1955 816 2028 dixi,
850 1955 913 2016 sive
935 1954 1165 2034 praenotionem

92 2036 232 2102 deorum:
269 2041 351 2114 (eunt
384 2038 463 2099 enim
486 2038 575 2099 rebus
599 2040 683 2099 novis
706 2058 781 2101 nova
805 2039 943 2118 ponenda
966 2039 1103 2111 nomina,
1126 2045 1163 2100 ut

89 2124 238 2204 Epicurus
270 2122 338 2201 ipse
359 2115 532 2203 requiquam
565 2122 739 2200 appellavit,
773 2141 860 2202 quam
894 2132 980 2185 antea
1014 2141 1103 2184 nemo
1127 2141 1166 2186 eo

40 2219 77 2288 ,45
93 2207 182 2270 verbo
205 2207 376 2266 nominarat
386 2212 407 2282 ι)
435 2206 513 2265 hanc
533 2204 626 2282 igitur
647 2207 810 2278 habemus,
843 2215 875 2270 ut
904 2209 978 2269 deos
1006 2207 1113 2271 beatos
1135 2217 1168 2268 st

91 2354 295 2427 raiteristiselm
320 2354 456 2405 dehuliche
484 2353 606 2405 dhcmrie·
651 2355 682 2406 L.
696 2354 730 2413 Χ,
753 2358 784 2408 27
802 2353 865 2423 περὶ
881 2349 1056 2425 sosipetes-ii
1073 2347 1168 2406 κανών

91 2424 366 2485 beneAeusserungeu
394 2420 607 2484 der,Verohruug
650 2422 1167 2474 dntiberdusiiennzcieheuder
1222 2440 1225 2447 ·

92 2491 139 2541 der
153 2491 298 2557 Epilrureer
316 2505 394 2553 gegen
414 2490 484 2540 ihren
502 2489 607 2541 Meister
649 2489 831 2543 Welrrlreit
849 2492 911 2541 oder
927 2491 1162 2550 Rielrtseltnur,

91 2557 174 2608 finden
192 2558 244 2607 sich
263 2558 353 2620 hiulig,
381 2557 430 2606 und
448 2557 485 2607 sie
503 2557 607 2607 werden
650 2557 754 2608 ndmliclr
774 2559 818 2608 des
836 2557 986 2609 Urtheilens.
1023 2558 1050 2609 ln
1069 2558 1167 2609 diesem

92 2625 226 2687 deswegen
234 2641 281 2673 vnn
292 2624 361 2675 ihren
369 2623 484 2687 Gegnern
493 2632 607 2690 verepot
650 2626 717 2675 liuch
736 2633 793 2687 trug
810 2624 884 2690 Epik.
904 2626 974 2676 scine
992 2624 1073 2689 Logik
1089 2640 1146 2676 vor.

93 2699 138 2742 tet.
163 2691 221 2755 Vgl.
242 2691 369 2744 Pluterelr.
390 2691 541 2754 g.Colot.c.
564 2695 604 2743 l‘l.
646 2725 650 2736 ·
683 2687 729 2749 17,
748 2696 790 2745 44.
811 2698 1064 2758 innotuaeopnitioaoa.
1081 2693 1167 2755 Auge·
1270 2734 1274 2743 .

126 2764 314 2827 anticipationem
332 2787 358 2797 —
375 2753 522 2825 πρόληψιν.
560 2758 607 2810 lllit
648 2761 726 2810 boren
751 2773 808 2809 war
831 2760 894 2809 nuclr
912 2759 943 2808 Ε.
964 2760 1004 2811 die
1028 2755 1166 2827 πρόληψις

92 2826 186 2878 diesem
203 2825 300 2877 Numen
324 2826 484 2877 bezeichnete
508 2826 606 2892 Epikur
649 2827 729 2884 nicht,
760 2826 867 2877 condem
886 2828 933 2876 aul
948 2827 988 2878 die
1007 2828 1070 2880 oben
1088 2842 1167 2890 auge·

91 2894 133 2961 die
151 2894 323 2957 uilgemeiuen,
345 2910 391 2944 uus
401 2894 561 2957 Erinnerung
573 2910 605 2944 uu
649 2896 743 2957 gebeue
751 2893 842 2946 Weise
852 2896 1009 2950 entstouden.
1019 2909 1165 2957 weswegen

90 2960 605 3024 wiederlrolteWalrmelmmngundVer·
649 2963 686 3013 sie
712 2962 774 3012 euch
799 2962 840 3012 hei
863 2960 936 3024 uiog.
957 2961 987 3012 L.
1006 2961 1045 3019 Χ,
1076 2963 1107 3014 33
1126 2961 1167 3012 uls

91 3028 222 3092 gleiehung
233 3030 279 3080 der
290 3031 402 3079 dadurch
415 3030 461 3079 der
471 3029 543 3079 Seele
554 3029 606 3079 eiu·
648 3024 742 3147 mim
759 3031 807 3079 τοῦ
824 3026 951 3083 πολλάκις
968 3027 1104 3145 quotieas
1121 3029 1168 3078 he·

91 3098 227 3160 geprigtcu
251 3095 445 3158 Vorstelluugen
472 3113 605 3156 gewonne·
649 3098 703 3146 zeio
721 3097 847 3148 netwird.
868 3095 973 3148 Viellcic
989 3095 1091 3146 twollte
1101 3095 1168 3146 uber

91 3177 139 3212 nen
150 3162 267 3224 Begrille,
288 3163 347 3213 weil
360 3163 397 3213 sie
411 3163 497 3227 jedem
510 3163 606 3232 Urtheil
650 3165 769 3215 Cicuuolr
780 3164 903 3215 uurdiese
915 3165 1176 3225 nuturgemdsse

91 3229 154 3280 iiber
165 3228 279 3281 Wahres
298 3231 347 3278 und
365 3229 483 3279 Fulsclies
502 3231 551 3280 und
565 3232 606 3295 je·
649 3231 860 3295 liutstehung
876 3230 1037 3283 bezeichnen.
1058 3229 1115 3293 Vgl.
1128 3228 1162 3290 ll,

91 3297 138 3347 der
160 3298 276 3347 ferueren
295 3296 497 3362 Deukoperution
516 3312 606 3348 vorau·
650 3301 674 3357 4,
698 3301 737 3352 12.
1090 3311 1094 3316 ’

91 3365 155 3427 gehn
180 3364 228 3415 und
253 3380 283 3412 zu
303 3364 404 3414 Grunde
427 3362 523 3427 liegen,
550 3381 605 3415 was
682 3371 707 3419 id
724 3386 801 3420 oerum
819 3384 868 3419 esse
885 3384 977 3418 neeesse
995 3375 1036 3419 eat.
1061 3364 1118 3426 Vgl.
1128 3363 1161 3424 ΙΙ,

91 3433 153 3482 such
164 3432 205 3482 die
218 3430 277 3494 iulg.
291 3431 391 3489 Worte,
413 3437 463 3483 sinc
474 3452 560 3515 quc-
573 3462 605 3471 -
649 3436 672 3492 2.
686 3437 709 3487 5.
721 3438 747 3492 4,
762 3437 805 3491 123
826 3434 938 3496 degegen
957 3430 1020 3483 uber
1038 3431 1055 3491 l,
1067 3434 1107 3492 23.
1117 3434 1162 3484 62.

106 3510 164 3553 otest
173 3500 292 3561 hosagen.
313 3499 370 3561 Vgl.
381 3498 451 3549 Sext.
464 3499 535 3566 hrrrp.
544 3501 602 3551 adv.
683 3520 750 3568 quem
760 3511 827 3554 autea
837 3520 911 3554 nemo,
938 3500 985 3551 Die
998 3499 1105 3558 Stoiker,
1120 3500 1167 3550 de·

117 3567 256 3624 ululat:
277 3560 338 3617 οὔτε
357 3566 444 3628 ζητεῖν
460 3562 521 3620 οὔτε
539 3561 605 3618 ‹ino-
648 3584 693 3619 reu
712 3576 806 3625 ersten,
827 3567 908 3626 Zeno,
931 3567 1046 3634 Epikur's
1064 3567 1165 3631 Zeitge·

91 3636 149 3700 ρεῖν
161 3630 221 3686 ἔστι
236 3631 306 3685 κατὰ
320 3631 370 3684 τὸν
382 3631 476 3702 σοφὸν
485 3629 605 3688 ’Enim-
649 3651 723 3686 nosse
740 3650 804 3691 war,
825 3636 961 3686 hrauuhten
981 3637 1027 3685 das
1040 3634 1121 3686 Wort
1138 3634 1164 3684 iu

91 3717 142 3768 ρον
152 3694 223 3753 ’ἄνευ
236 3697 404 3769 προλήψεως.
433 3701 496 3753 Wie
507 3702 606 3752 soleier
648 3701 942 3765 dunliclrerBedeutuug,
964 3701 1045 3753 laben
1062 3718 1090 3753 es
1110 3700 1166 3752 elso

64 3796 67 3803 ·
91 3767 188 3830 Begrili’
202 3785 250 3821 von
268 3771 314 3820 der
325 3770 437 3821 Gottheit
448 3770 563 3821 entstelre
581 3785 602 3819 s.
640 3768 780 3888 ‘Lvolrfflon
791 3768 821 3818 lt.
835 3785 1021 3833 angenommen.
1049 3770 1075 3821 S.
1088 3768 1164 3832 Diog.

92 3851 114 3884 c.
139 3837 176 3894 19,
198 3838 238 3893 50,
672 3874 678 3886 .
747 3839 815 3895 ,54.

125 3906 251 3968 decipula
268 3913 288 3955 et
306 3907 403 3957 iudicio.
438 3901 510 3954 Nouii
529 3903 602 3967 Diog.
635 3927 643 3943 ι
682 3906 724 3957 45.
746 3910 803 3958 lione
813 3910 884 3970 iqitur
894 3909 1011 3959 dedemus.
1029 3903 1076 3955 ute
1086 3903 1169 3953 durch
