<?xml version="1.0" encoding="UTF-8"?>
<!DOCTYPE html PUBLIC "-//W3C//DTD XHTML 1.0 Transitional//EN"
    "http://www.w3.org/TR/xhtml1/DTD/xhtml1-transitional.dtd">
<html xmlns="http://www.w3.org/1999/xhtml" xml:lang="en" lang="en">
 <head>
  <title>
</title>
<meta http-equiv="Content-Type" content="text/html;charset=utf-8" />
  <meta name='ocr-system' content='tesseract 3.04.00' />
  <meta name='ocr-capabilities' content='ocr_page ocr_carea ocr_par ocr_line ocrx_word'/>
</head>
<body>
  <div class='ocr_page' id='page_1' title='image "./mtulliciceronis07cicegoog/mtulliciceronis07cicegoog_0129.png"; bbox 0 0 2640 4418; ppageno 0'>
   <div class='ocr_carea' id='block_1_1' title="bbox 158 315 877 384">
    <p class='ocr_par' dir='ltr' id='par_1_1' title="bbox 158 315 877 384">
     <span class='ocr_line' id='line_1_1' title="bbox 158 315 877 384; baseline -0.008 0"><span class='ocrx_word' id='word_1_1' title='bbox 158 321 218 384; x_wconf 89' lang='lat'>118</span> <span class='ocrx_word' id='word_1_2' title='bbox 240 376 242 381; x_wconf 78' lang='grc'>,</span> <span class='ocrx_word' id='word_1_3' title='bbox 271 326 298 349; x_wconf 83' lang='grc'>··</span> <span class='ocrx_word' id='word_1_4' title='bbox 319 319 321 326; x_wconf 87' lang='grc'><strong>’</strong></span> <span class='ocrx_word' id='word_1_5' title='bbox 515 328 558 378; x_wconf 88' lang='lat' dir='ltr'>un</span> <span class='ocrx_word' id='word_1_6' title='bbox 577 325 714 378; x_wconf 75' lang='lat' dir='ltr'>uarum</span> <span class='ocrx_word' id='word_1_7' title='bbox 730 315 877 380; x_wconf 78' lang='lat' dir='ltr'>unonuu.</span> 
     </span>
    </p>
   </div>
   <div class='ocr_carea' id='block_1_2' title="bbox 89 480 1272 2747">
    <p class='ocr_par' dir='ltr' id='par_1_2' title="bbox 89 480 1272 2747">
     <span class='ocr_line' id='line_1_2' title="bbox 158 480 1229 568; baseline -0.006 -18"><span class='ocrx_word' id='word_1_8' title='bbox 158 483 293 568; x_wconf 89' lang='lat' dir='ltr'>appetitu</span> <span class='ocrx_word' id='word_1_9' title='bbox 322 500 477 544; x_wconf 89' lang='lat' dir='ltr'>accessum</span> <span class='ocrx_word' id='word_1_10' title='bbox 507 481 543 543; x_wconf 86' lang='lat' dir='ltr'>ad</span> <span class='ocrx_word' id='word_1_11' title='bbox 570 499 620 541; x_wconf 91' lang='lat' dir='ltr'>res</span> <span class='ocrx_word' id='word_1_12' title='bbox 649 480 811 554; x_wconf 88' lang='lat' dir='ltr'>salutares,</span> <span class='ocrx_word' id='word_1_13' title='bbox 840 501 857 543; x_wconf 89' lang='lat' dir='ltr'>a</span> <span class='ocrx_word' id='word_1_14' title='bbox 881 480 1034 560; x_wconf 79' lang='lat' dir='ltr'>pestiferis</span> <span class='ocrx_word' id='word_1_15' title='bbox 1055 499 1229 544; x_wconf 81' lang='lat' dir='ltr'><strong>recessum:</strong></span> 
     </span>
     <span class='ocr_line' id='line_1_3' title="bbox 156 564 1232 645; baseline -0.005 -13"><span class='ocrx_word' id='word_1_16' title='bbox 156 569 274 634; x_wconf 91' lang='lat' dir='ltr'>homini</span> <span class='ocrx_word' id='word_1_17' title='bbox 296 570 356 628; x_wconf 91' lang='lat' dir='ltr'>hoc</span> <span class='ocrx_word' id='word_1_18' title='bbox 378 566 521 645; x_wconf 86' lang='lat' dir='ltr'>amplius,</span> <span class='ocrx_word' id='word_1_19' title='bbox 546 564 625 643; x_wconf 93' lang='lat' dir='ltr'>quod</span> <span class='ocrx_word' id='word_1_20' title='bbox 649 564 764 626; x_wconf 80' lang='lat' dir='ltr'>addidit</span> <span class='ocrx_word' id='word_1_21' title='bbox 786 565 948 639; x_wconf 90' lang='lat' dir='ltr'>rationem,</span> <span class='ocrx_word' id='word_1_22' title='bbox 972 583 1030 645; x_wconf 88' lang='lat' dir='ltr'>qua</span> <span class='ocrx_word' id='word_1_23' title='bbox 1053 575 1232 644; x_wconf 82' lang='lat' dir='ltr'>regerentur</span> 
     </span>
     <span class='ocr_line' id='line_1_4' title="bbox 157 649 1236 732; baseline -0.006 -15"><span class='ocrx_word' id='word_1_24' title='bbox 157 654 248 718; x_wconf 90' lang='lat' dir='ltr'>animi</span> <span class='ocrx_word' id='word_1_25' title='bbox 276 651 442 732; x_wconf 87' lang='lat' dir='ltr'>appetitus,</span> <span class='ocrx_word' id='word_1_26' title='bbox 473 649 523 729; x_wconf 93' lang='lat' dir='ltr'>qui</span> <span class='ocrx_word' id='word_1_27' title='bbox 552 659 614 710; x_wconf 88' lang='lat' dir='ltr'>tum</span> <span class='ocrx_word' id='word_1_28' title='bbox 636 649 872 724; x_wconf 79' lang='lat' dir='ltr'>remitterentur,</span> <span class='ocrx_word' id='word_1_29' title='bbox 904 658 966 710; x_wconf 91' lang='lat' dir='ltr'>tum</span> <span class='ocrx_word' id='word_1_30' title='bbox 990 649 1236 712; x_wconf 87' lang='lat' dir='ltr'>continerentur.&#39;</span> 
     </span>
     <span class='ocr_line' id='line_1_5' title="bbox 100 733 1231 813; baseline -0.004 -13"><span class='ocrx_word' id='word_1_31' title='bbox 100 736 144 806; x_wconf 77' lang='grc'>13</span> <span class='ocrx_word' id='word_1_32' title='bbox 160 740 290 812; x_wconf 80' lang='lat' dir='ltr'>Quartus</span> <span class='ocrx_word' id='word_1_33' title='bbox 319 743 418 796; x_wconf 90' lang='lat' dir='ltr'>autem</span> <span class='ocrx_word' id='word_1_34' title='bbox 446 733 555 812; x_wconf 81' lang='lat' dir='ltr'>gradus</span> <span class='ocrx_word' id='word_1_35' title='bbox 584 743 613 794; x_wconf 88' lang='lat' dir='ltr'>et</span> <span class='ocrx_word' id='word_1_36' title='bbox 639 733 804 794; x_wconf 89' lang='lat' dir='ltr'>altissimus</span> <span class='ocrx_word' id='word_1_37' title='bbox 833 744 880 795; x_wconf 94' lang='lat' dir='ltr'>est</span> <span class='ocrx_word' id='word_1_38' title='bbox 902 752 1021 808; x_wconf 84' lang='lat' dir='ltr'>eornm,</span> <span class='ocrx_word' id='word_1_39' title='bbox 1050 735 1101 813; x_wconf 90' lang='lat' dir='ltr'>qui</span> <span class='ocrx_word' id='word_1_40' title='bbox 1124 743 1231 796; x_wconf 89' lang='lat' dir='ltr'>natura</span> 
     </span>
     <span class='ocr_line' id='line_1_6' title="bbox 156 817 1231 900; baseline -0.005 -16"><span class='ocrx_word' id='word_1_41' title='bbox 156 823 229 887; x_wconf 86' lang='lat' dir='ltr'>boni</span> <span class='ocrx_word' id='word_1_42' title='bbox 252 820 465 900; x_wconf 84' lang='lat' dir='ltr'>sapientesque</span> <span class='ocrx_word' id='word_1_43' title='bbox 493 817 670 896; x_wconf 82' lang='lat' dir='ltr'>gignuntur3</span> <span class='ocrx_word' id='word_1_44' title='bbox 700 817 808 896; x_wconf 86' lang='lat' dir='ltr'>quibus</span> <span class='ocrx_word' id='word_1_45' title='bbox 837 838 852 878; x_wconf 91' lang='lat' dir='ltr'>a</span> <span class='ocrx_word' id='word_1_46' title='bbox 882 817 1032 897; x_wconf 88' lang='lat' dir='ltr'>principio</span> <span class='ocrx_word' id='word_1_47' title='bbox 1063 817 1231 879; x_wconf 79' lang='lat' dir='ltr'>innascitur</span> 
     </span>
     <span class='ocr_line' id='line_1_7' title="bbox 114 892 1231 982; baseline -0.004 -13"><span class='ocrx_word' id='word_1_48' title='bbox 114 896 116 909; x_wconf 71' lang='grc'><em>’</em></span> <span class='ocrx_word' id='word_1_49' title='bbox 156 892 234 973; x_wconf 73' lang='lat' dir='ltr'>rt&#39;tio</span> <span class='ocrx_word' id='word_1_50' title='bbox 263 912 343 966; x_wconf 87' lang='lat' dir='ltr'>reeta</span> <span class='ocrx_word' id='word_1_51' title='bbox 373 911 598 980; x_wconf 72' lang='lat' dir='ltr'>constansque,v</span> <span class='ocrx_word' id='word_1_52' title='bbox 620 920 695 980; x_wconf 92' lang='lat' dir='ltr'>qnae</span> <span class='ocrx_word' id='word_1_53' title='bbox 723 921 814 982; x_wconf 88' lang='lat' dir='ltr'>supra</span> <span class='ocrx_word' id='word_1_54' title='bbox 841 901 994 963; x_wconf 91' lang='lat' dir='ltr'>hominem</span> <span class='ocrx_word' id='word_1_55' title='bbox 1021 904 1152 981; x_wconf 91' lang='lat' dir='ltr'>putanda</span> <span class='ocrx_word' id='word_1_56' title='bbox 1183 911 1231 965; x_wconf 89' lang='lat' dir='ltr'>cst</span> 
     </span>
     <span class='ocr_line' id='line_1_8' title="bbox 156 985 1229 1071; baseline -0.006 -19"><span class='ocrx_word' id='word_1_57' title='bbox 156 991 273 1071; x_wconf 89' lang='lat' dir='ltr'>deoque</span> <span class='ocrx_word' id='word_1_58' title='bbox 295 988 469 1060; x_wconf 86' lang='lat' dir='ltr'>tribuenda,</span> <span class='ocrx_word' id='word_1_59' title='bbox 501 986 529 1046; x_wconf 95' lang='lat' dir='ltr'>id</span> <span class='ocrx_word' id='word_1_60' title='bbox 554 995 602 1065; x_wconf 84' lang='lat' dir='ltr'>est</span> <span class='ocrx_word' id='word_1_61' title='bbox 622 985 751 1060; x_wconf 79' lang='lat' dir='ltr'>mu&#39;nd03</span> <span class='ocrx_word' id='word_1_62' title='bbox 783 987 815 1047; x_wconf 95' lang='lat' dir='ltr'>in</span> <span class='ocrx_word' id='word_1_63' title='bbox 844 1005 902 1064; x_wconf 91' lang='lat' dir='ltr'>quo</span> <span class='ocrx_word' id='word_1_64' title='bbox 931 1004 1057 1047; x_wconf 88' lang='lat' dir='ltr'>necesse</span> <span class='ocrx_word' id='word_1_65' title='bbox 1085 996 1132 1048; x_wconf 89' lang='lat' dir='ltr'>est</span> <span class='ocrx_word' id='word_1_66' title='bbox 1159 999 1229 1065; x_wconf 89' lang='lat' dir='ltr'>per-</span> 
     </span>
     <span class='ocr_line' id='line_1_9' title="bbox 115 1069 1271 1150; baseline -0.004 -14"><span class='ocrx_word' id='word_1_67' title='bbox 115 1085 144 1136; x_wconf 82' lang='lat'>35</span> <span class='ocrx_word' id='word_1_68' title='bbox 160 1076 268 1136; x_wconf 88' lang='lat' dir='ltr'>lectam</span> <span class='ocrx_word' id='word_1_69' title='bbox 290 1073 372 1133; x_wconf 87' lang='lat' dir='ltr'>illam</span> <span class='ocrx_word' id='word_1_70' title='bbox 394 1080 483 1149; x_wconf 92' lang='lat' dir='ltr'>atque</span> <span class='ocrx_word' id='word_1_71' title='bbox 505 1070 671 1130; x_wconf 86' lang='lat' dir='ltr'>absolutam</span> <span class='ocrx_word' id='word_1_72' title='bbox 693 1069 793 1132; x_wconf 90' lang='lat' dir='ltr'>inesse</span> <span class='ocrx_word' id='word_1_73' title='bbox 816 1070 972 1131; x_wconf 90' lang='lat' dir='ltr'>rationem.</span> <span class='ocrx_word' id='word_1_74' title='bbox 1022 1070 1125 1150; x_wconf 84' lang='lat' dir='ltr'>Neque</span> <span class='ocrx_word' id='word_1_75' title='bbox 1148 1071 1229 1131; x_wconf 91' lang='lat' dir='ltr'>enim</span> <span class='ocrx_word' id='word_1_76' title='bbox 1268 1081 1271 1085; x_wconf 80' lang='grc'>’</span> 
     </span>
     <span class='ocr_line' id='line_1_10' title="bbox 161 1151 1230 1237; baseline -0.006 -17"><span class='ocrx_word' id='word_1_77' title='bbox 161 1159 232 1220; x_wconf 51' lang='lat' dir='ltr'>dioi¹</span> <span class='ocrx_word' id='word_1_78' title='bbox 249 1165 350 1237; x_wconf 88' lang='lat' dir='ltr'>potest</span> <span class='ocrx_word' id='word_1_79' title='bbox 378 1157 408 1216; x_wconf 92' lang='lat' dir='ltr'>in</span> <span class='ocrx_word' id='word_1_80' title='bbox 435 1151 495 1223; x_wconf 89' lang='lat' dir='ltr'>ulla</span> <span class='ocrx_word' id='word_1_81' title='bbox 524 1172 624 1215; x_wconf 90' lang='lat' dir='ltr'>rerum</span> <span class='ocrx_word' id='word_1_82' title='bbox 653 1153 840 1215; x_wconf 89' lang='lat' dir='ltr'>institutione</span> <span class='ocrx_word' id='word_1_83' title='bbox 869 1173 929 1214; x_wconf 92' lang='lat' dir='ltr'>non</span> <span class='ocrx_word' id='word_1_84' title='bbox 953 1173 1020 1214; x_wconf 91' lang='lat' dir='ltr'>esse</span> <span class='ocrx_word' id='word_1_85' title='bbox 1043 1153 1230 1234; x_wconf 82' lang='lat' dir='ltr'>aliquidex-</span> 
     </span>
     <span class='ocr_line' id='line_1_11' title="bbox 158 1237 1229 1319; baseline -0.006 -14"><span class='ocrx_word' id='word_1_86' title='bbox 158 1252 286 1307; x_wconf 90' lang='lat' dir='ltr'>tremum</span> <span class='ocrx_word' id='word_1_87' title='bbox 310 1250 399 1319; x_wconf 90' lang='lat' dir='ltr'>atque</span> <span class='ocrx_word' id='word_1_88' title='bbox 421 1238 598 1318; x_wconf 85' lang='lat' dir='ltr'>perlectum.</span> <span class='ocrx_word' id='word_1_89' title='bbox 642 1238 680 1298; x_wconf 92' lang='lat' dir='ltr'>Ut</span> <span class='ocrx_word' id='word_1_90' title='bbox 708 1237 787 1299; x_wconf 89' lang='lat' dir='ltr'>enim</span> <span class='ocrx_word' id='word_1_91' title='bbox 819 1238 850 1297; x_wconf 92' lang='lat' dir='ltr'>in</span> <span class='ocrx_word' id='word_1_92' title='bbox 878 1238 952 1310; x_wconf 86' lang='lat' dir='ltr'>vite,</span> <span class='ocrx_word' id='word_1_93' title='bbox 984 1245 1015 1298; x_wconf 92' lang='lat' dir='ltr'>ut</span> <span class='ocrx_word' id='word_1_94' title='bbox 1043 1237 1075 1297; x_wconf 93' lang='lat' dir='ltr'>in</span> <span class='ocrx_word' id='word_1_95' title='bbox 1102 1238 1229 1317; x_wconf 83' lang='lat' dir='ltr'>pecude,</span> 
     </span>
     <span class='ocr_line' id='line_1_12' title="bbox 158 1321 1230 1404; baseline -0.005 -15"><span class='ocrx_word' id='word_1_96' title='bbox 158 1327 219 1390; x_wconf 90' lang='lat' dir='ltr'>nisi</span> <span class='ocrx_word' id='word_1_97' title='bbox 241 1344 317 1404; x_wconf 91' lang='lat' dir='ltr'>qnae</span> <span class='ocrx_word' id='word_1_98' title='bbox 339 1325 384 1385; x_wconf 88' lang='lat' dir='ltr'>vis</span> <span class='ocrx_word' id='word_1_99' title='bbox 408 1322 540 1394; x_wconf 84' lang='lat' dir='ltr'>obstitit,</span> <span class='ocrx_word' id='word_1_100' title='bbox 572 1321 708 1381; x_wconf 87' lang='lat' dir='ltr'>ridemus</span> <span class='ocrx_word' id='word_1_101' title='bbox 731 1333 866 1382; x_wconf 90' lang='lat' dir='ltr'>naturam</span> <span class='ocrx_word' id='word_1_102' title='bbox 890 1341 945 1382; x_wconf 92' lang='lat' dir='ltr'>suo</span> <span class='ocrx_word' id='word_1_103' title='bbox 969 1322 1097 1400; x_wconf 89' lang='lat' dir='ltr'>quodam</span> <span class='ocrx_word' id='word_1_104' title='bbox 1120 1321 1230 1384; x_wconf 89' lang='lat' dir='ltr'>itinere</span> 
     </span>
     <span class='ocr_line' id='line_1_13' title="bbox 89 1403 1230 1486; baseline -0.004 -14"><span class='ocrx_word' id='word_1_105' title='bbox 89 1430 90 1434; x_wconf 70' lang='grc'>’</span> <span class='ocrx_word' id='word_1_106' title='bbox 159 1412 197 1472; x_wconf 89' lang='lat' dir='ltr'>ad</span> <span class='ocrx_word' id='word_1_107' title='bbox 219 1410 356 1471; x_wconf 92' lang='lat' dir='ltr'>ultimum</span> <span class='ocrx_word' id='word_1_108' title='bbox 377 1405 542 1486; x_wconf 87' lang='lat' dir='ltr'>pervenire,</span> <span class='ocrx_word' id='word_1_109' title='bbox 567 1412 656 1483; x_wconf 91' lang='lat' dir='ltr'>atque</span> <span class='ocrx_word' id='word_1_110' title='bbox 671 1413 711 1466; x_wconf 89' lang='lat' dir='ltr'>ut</span> <span class='ocrx_word' id='word_1_111' title='bbox 725 1405 840 1484; x_wconf 88' lang='lat' dir='ltr'>pictura</span> <span class='ocrx_word' id='word_1_112' title='bbox 866 1414 896 1466; x_wconf 92' lang='lat' dir='ltr'>et</span> <span class='ocrx_word' id='word_1_113' title='bbox 915 1403 1028 1466; x_wconf 81' lang='lat' dir='ltr'>fabrica</span> <span class='ocrx_word' id='word_1_114' title='bbox 1052 1413 1230 1485; x_wconf 85' lang='lat' dir='ltr'>ceteraeque</span> 
     </span>
     <span class='ocr_line' id='line_1_14' title="bbox 158 1489 1230 1581; baseline -0.005 -26"><span class='ocrx_word' id='word_1_115' title='bbox 158 1506 236 1556; x_wconf 89' lang='lat' dir='ltr'>artes</span> <span class='ocrx_word' id='word_1_116' title='bbox 259 1492 371 1553; x_wconf 87' lang='lat' dir='ltr'>habent</span> <span class='ocrx_word' id='word_1_117' title='bbox 394 1490 541 1581; x_wconf 86' lang='lat' dir='ltr'>quendam</span> <span class='ocrx_word' id='word_1_118' title='bbox 565 1489 695 1551; x_wconf 88' lang='lat' dir='ltr'>absoluti</span> <span class='ocrx_word' id='word_1_119' title='bbox 718 1489 820 1569; x_wconf 87' lang='lat' dir='ltr'>operis</span> <span class='ocrx_word' id='word_1_120' title='bbox 843 1490 997 1551; x_wconf 82' lang='lat' dir='ltr'>effectum:</span> <span class='ocrx_word' id='word_1_121' title='bbox 1025 1490 1070 1550; x_wconf 94' lang='lat' dir='ltr'>sic</span> <span class='ocrx_word' id='word_1_122' title='bbox 1093 1490 1124 1550; x_wconf 93' lang='lat' dir='ltr'>in</span> <span class='ocrx_word' id='word_1_123' title='bbox 1147 1490 1230 1565; x_wconf 87' lang='lat' dir='ltr'>omni</span> 
     </span>
     <span class='ocr_line' id='line_1_15' title="bbox 158 1573 1231 1653; baseline -0.005 -13"><span class='ocrx_word' id='word_1_124' title='bbox 158 1585 264 1640; x_wconf 90' lang='lat' dir='ltr'>natura</span> <span class='ocrx_word' id='word_1_125' title='bbox 294 1594 328 1636; x_wconf 92' lang='lat' dir='ltr'>ac</span> <span class='ocrx_word' id='word_1_126' title='bbox 357 1575 450 1634; x_wconf 92' lang='lat' dir='ltr'>multo</span> <span class='ocrx_word' id='word_1_127' title='bbox 474 1574 562 1634; x_wconf 89' lang='lat' dir='ltr'>etiam</span> <span class='ocrx_word' id='word_1_128' title='bbox 585 1574 679 1650; x_wconf 86' lang='lat' dir='ltr'>magis</span> <span class='ocrx_word' id='word_1_129' title='bbox 703 1592 829 1636; x_wconf 89' lang='lat' dir='ltr'>necesse</span> <span class='ocrx_word' id='word_1_130' title='bbox 853 1581 899 1634; x_wconf 93' lang='lat' dir='ltr'>est</span> <span class='ocrx_word' id='word_1_131' title='bbox 920 1573 1035 1634; x_wconf 86' lang='lat' dir='ltr'>absolvi</span> <span class='ocrx_word' id='word_1_132' title='bbox 1058 1573 1171 1653; x_wconf 90' lang='lat' dir='ltr'>aliquid</span> <span class='ocrx_word' id='word_1_133' title='bbox 1195 1593 1231 1635; x_wconf 90' lang='lat' dir='ltr'>ac</span> 
     </span>
     <span class='ocr_line' id='line_1_16' title="bbox 158 1657 1230 1741; baseline -0.003 -20"><span class='ocrx_word' id='word_1_134' title='bbox 158 1660 273 1741; x_wconf 84' lang='lat' dir='ltr'>perlici.</span> <span class='ocrx_word' id='word_1_135' title='bbox 323 1658 442 1719; x_wconf 85' lang='lat' dir='ltr'>Etenim</span> <span class='ocrx_word' id='word_1_136' title='bbox 471 1657 580 1718; x_wconf 90' lang='lat' dir='ltr'>ceteris</span> <span class='ocrx_word' id='word_1_137' title='bbox 609 1659 725 1719; x_wconf 92' lang='lat' dir='ltr'>naturis</span> <span class='ocrx_word' id='word_1_138' title='bbox 754 1658 845 1718; x_wconf 91' lang='lat' dir='ltr'>multa</span> <span class='ocrx_word' id='word_1_139' title='bbox 876 1666 1011 1731; x_wconf 84' lang='lat' dir='ltr'>externa,</span> <span class='ocrx_word' id='word_1_140' title='bbox 1043 1676 1101 1737; x_wconf 92' lang='lat' dir='ltr'>quo</span> <span class='ocrx_word' id='word_1_141' title='bbox 1130 1659 1230 1719; x_wconf 91' lang='lat' dir='ltr'>minus</span> 
     </span>
     <span class='ocr_line' id='line_1_17' title="bbox 157 1741 1230 1825; baseline -0.003 -19"><span class='ocrx_word' id='word_1_142' title='bbox 157 1743 367 1825; x_wconf 74' lang='lat' dir='ltr'>perficiantur,</span> <span class='ocrx_word' id='word_1_143' title='bbox 405 1751 534 1821; x_wconf 90' lang='lat' dir='ltr'>possunt</span> <span class='ocrx_word' id='word_1_144' title='bbox 561 1741 726 1803; x_wconf 89' lang='lat' dir='ltr'>obsistere:</span> <span class='ocrx_word' id='word_1_145' title='bbox 764 1743 932 1802; x_wconf 88' lang='lat' dir='ltr'>universam</span> <span class='ocrx_word' id='word_1_146' title='bbox 962 1751 1061 1802; x_wconf 92' lang='lat' dir='ltr'>autern</span> <span class='ocrx_word' id='word_1_147' title='bbox 1093 1752 1230 1803; x_wconf 90' lang='lat' dir='ltr'>naturam</span> 
     </span>
     <span class='ocr_line' id='line_1_18' title="bbox 158 1826 1231 1906; baseline -0.004 -16"><span class='ocrx_word' id='word_1_148' title='bbox 158 1829 238 1890; x_wconf 92' lang='lat' dir='ltr'>nulla</span> <span class='ocrx_word' id='word_1_149' title='bbox 265 1846 314 1888; x_wconf 92' lang='lat' dir='ltr'>res</span> <span class='ocrx_word' id='word_1_150' title='bbox 342 1834 444 1906; x_wconf 87' lang='lat' dir='ltr'>potest</span> <span class='ocrx_word' id='word_1_151' title='bbox 473 1826 633 1904; x_wconf 82' lang='lat' dir='ltr'>impedire,</span> <span class='ocrx_word' id='word_1_152' title='bbox 668 1835 828 1906; x_wconf 87' lang='lat' dir='ltr'>propterea</span> <span class='ocrx_word' id='word_1_153' title='bbox 858 1826 938 1905; x_wconf 91' lang='lat' dir='ltr'>quod</span> <span class='ocrx_word' id='word_1_154' title='bbox 971 1844 1076 1888; x_wconf 88' lang='lat' dir='ltr'>omnes</span> <span class='ocrx_word' id='word_1_155' title='bbox 1108 1834 1231 1887; x_wconf 87' lang='lat' dir='ltr'>naturas</span> 
     </span>
     <span class='ocr_line' id='line_1_19' title="bbox 159 1909 1232 1992; baseline -0.003 -18"><span class='ocrx_word' id='word_1_156' title='bbox 159 1913 226 1992; x_wconf 89' lang='lat' dir='ltr'>ipsa</span> <span class='ocrx_word' id='word_1_157' title='bbox 249 1911 371 1973; x_wconf 84' lang='lat' dir='ltr'>cohibet</span> <span class='ocrx_word' id='word_1_158' title='bbox 393 1920 423 1971; x_wconf 92' lang='lat' dir='ltr'>et</span> <span class='ocrx_word' id='word_1_159' title='bbox 446 1912 588 1972; x_wconf 90' lang='lat' dir='ltr'>continet.</span> <span class='ocrx_word' id='word_1_160' title='bbox 623 1910 772 1982; x_wconf 85' lang='lat' dir='ltr'>Quocirca</span> <span class='ocrx_word' id='word_1_161' title='bbox 793 1928 919 1971; x_wconf 91' lang='lat' dir='ltr'>necesse</span> <span class='ocrx_word' id='word_1_162' title='bbox 942 1909 988 1970; x_wconf 88' lang='lat' dir='ltr'>est</span> <span class='ocrx_word' id='word_1_163' title='bbox 1010 1929 1077 1970; x_wconf 90' lang='lat' dir='ltr'>esse</span> <span class='ocrx_word' id='word_1_164' title='bbox 1094 1919 1232 1989; x_wconf 88' lang='lat' dir='ltr'>quartum</span> 
     </span>
     <span class='ocr_line' id='line_1_20' title="bbox 159 1992 1231 2072; baseline -0.003 -14"><span class='ocrx_word' id='word_1_165' title='bbox 159 1996 244 2058; x_wconf 90' lang='lat' dir='ltr'>illum</span> <span class='ocrx_word' id='word_1_166' title='bbox 267 2003 297 2056; x_wconf 89' lang='lat' dir='ltr'>et</span> <span class='ocrx_word' id='word_1_167' title='bbox 319 1995 495 2055; x_wconf 86' lang='lat' dir='ltr'>altissimum</span> <span class='ocrx_word' id='word_1_168' title='bbox 520 1993 658 2072; x_wconf 83' lang='lat' dir='ltr'>gradum,</span> <span class='ocrx_word' id='word_1_169' title='bbox 690 1992 762 2072; x_wconf 86' lang='lat' dir='ltr'>qno&#39;</span> <span class='ocrx_word' id='word_1_170' title='bbox 777 1995 856 2055; x_wconf 90' lang='lat' dir='ltr'>nulla</span> <span class='ocrx_word' id='word_1_171' title='bbox 885 1994 930 2054; x_wconf 89' lang='lat' dir='ltr'>vis</span> <span class='ocrx_word' id='word_1_172' title='bbox 945 1994 1056 2072; x_wconf 76' lang='lat' dir='ltr'>&#39;possit</span> <span class='ocrx_word' id='word_1_173' title='bbox 1077 1994 1231 2055; x_wconf 88' lang='lat' dir='ltr'>accedere.</span> 
     </span>
     <span class='ocr_line' id='line_1_21' title="bbox 116 2060 1232 2156; baseline -0.004 -14"><span class='ocrx_word' id='word_1_174' title='bbox 116 2060 189 2155; x_wconf 70' lang='lat' dir='ltr'>tols</span> <span class='ocrx_word' id='word_1_175' title='bbox 212 2088 310 2142; x_wconf 89' lang='lat' dir='ltr'>autem</span> <span class='ocrx_word' id='word_1_176' title='bbox 334 2085 381 2139; x_wconf 91' lang='lat' dir='ltr'>est</span> <span class='ocrx_word' id='word_1_177' title='bbox 403 2079 528 2155; x_wconf 82' lang='lat' dir='ltr'>gradus,</span> <span class='ocrx_word' id='word_1_178' title='bbox 552 2079 583 2138; x_wconf 92' lang='lat' dir='ltr'>in</span> <span class='ocrx_word' id='word_1_179' title='bbox 607 2096 665 2155; x_wconf 92' lang='lat' dir='ltr'>quo</span> <span class='ocrx_word' id='word_1_180' title='bbox 687 2096 788 2139; x_wconf 91' lang='lat' dir='ltr'>rerum</span> <span class='ocrx_word' id='word_1_181' title='bbox 811 2078 945 2138; x_wconf 90' lang='lat' dir='ltr'>omnium</span> <span class='ocrx_word' id='word_1_182' title='bbox 967 2087 1070 2139; x_wconf 87' lang='lat' dir='ltr'>natura</span> <span class='ocrx_word' id='word_1_183' title='bbox 1091 2078 1232 2156; x_wconf 82' lang='lat' dir='ltr'>ponitur3</span> 
     </span>
     <span class='ocr_line' id='line_1_22' title="bbox 160 2162 1232 2244; baseline -0.001 -20"><span class='ocrx_word' id='word_1_184' title='bbox 160 2183 236 2244; x_wconf 88' lang='lat' dir='ltr'>quae</span> <span class='ocrx_word' id='word_1_185' title='bbox 259 2162 401 2240; x_wconf 85' lang='lat' dir='ltr'>quoniam</span> <span class='ocrx_word' id='word_1_186' title='bbox 424 2162 491 2223; x_wconf 90' lang='lat' dir='ltr'>talis</span> <span class='ocrx_word' id='word_1_187' title='bbox 515 2171 575 2234; x_wconf 91' lang='lat' dir='ltr'>est,</span> <span class='ocrx_word' id='word_1_188' title='bbox 609 2169 643 2222; x_wconf 92' lang='lat' dir='ltr'>nt</span> <span class='ocrx_word' id='word_1_189' title='bbox 664 2169 694 2222; x_wconf 89' lang='lat' dir='ltr'>ct</span> <span class='ocrx_word' id='word_1_190' title='bbox 714 2162 829 2240; x_wconf 86' lang='lat' dir='ltr'>praesit</span> <span class='ocrx_word' id='word_1_191' title='bbox 841 2162 992 2223; x_wconf 88' lang='lat' dir='ltr'>lomnibus</span> <span class='ocrx_word' id='word_1_192' title='bbox 1016 2171 1045 2222; x_wconf 90' lang='lat' dir='ltr'>et</span> <span class='ocrx_word' id='word_1_193' title='bbox 1067 2166 1131 2222; x_wconf 91' lang='lat' dir='ltr'>eam</span> <span class='ocrx_word' id='word_1_194' title='bbox 1151 2162 1232 2223; x_wconf 90' lang='lat' dir='ltr'>nulla</span> 
     </span>
     <span class='ocr_line' id='line_1_23' title="bbox 158 2245 1232 2327; baseline -0.004 -18"><span class='ocrx_word' id='word_1_195' title='bbox 158 2267 208 2310; x_wconf 92' lang='lat' dir='ltr'>res</span> <span class='ocrx_word' id='word_1_196' title='bbox 230 2246 329 2327; x_wconf 87' lang='lat' dir='ltr'>possit</span> <span class='ocrx_word' id='word_1_197' title='bbox 350 2245 511 2325; x_wconf 91' lang='lat' dir='ltr'>impedire,</span> <span class='ocrx_word' id='word_1_198' title='bbox 541 2264 666 2306; x_wconf 89' lang='lat' dir='ltr'>necesse</span> <span class='ocrx_word' id='word_1_199' title='bbox 688 2253 735 2306; x_wconf 92' lang='lat' dir='ltr'>est</span> <span class='ocrx_word' id='word_1_200' title='bbox 756 2245 974 2324; x_wconf 84' lang='lat' dir='ltr'>intelligentem</span> <span class='ocrx_word' id='word_1_201' title='bbox 998 2264 1065 2306; x_wconf 90' lang='lat' dir='ltr'>esse</span> <span class='ocrx_word' id='word_1_202' title='bbox 1088 2245 1232 2306; x_wconf 91' lang='lat' dir='ltr'>mundum</span> 
     </span>
     <span class='ocr_line' id='line_1_24' title="bbox 159 2328 1232 2411; baseline -0.004 -17"><span class='ocrx_word' id='word_1_203' title='bbox 159 2344 188 2394; x_wconf 88' lang='lat' dir='ltr'>et</span> <span class='ocrx_word' id='word_1_204' title='bbox 211 2331 330 2411; x_wconf 92' lang='lat' dir='ltr'>quidem</span> <span class='ocrx_word' id='word_1_205' title='bbox 353 2330 441 2390; x_wconf 90' lang='lat' dir='ltr'>etiam</span> <span class='ocrx_word' id='word_1_206' title='bbox 465 2329 642 2408; x_wconf 84' lang='lat' dir='ltr'>sapientem.</span> <span class='ocrx_word' id='word_1_207' title='bbox 667 2328 759 2402; x_wconf 75' lang='lat' dir='ltr'>‘Quid</span> <span class='ocrx_word' id='word_1_208' title='bbox 782 2343 880 2392; x_wconf 90' lang='lat' dir='ltr'>autem</span> <span class='ocrx_word' id='word_1_209' title='bbox 902 2337 949 2391; x_wconf 91' lang='lat' dir='ltr'>est</span> <span class='ocrx_word' id='word_1_210' title='bbox 970 2330 1118 2402; x_wconf 84' lang='lat' dir='ltr'>inscitius,</span> <span class='ocrx_word' id='word_1_211' title='bbox 1143 2348 1232 2408; x_wconf 91' lang='lat' dir='ltr'>quam</span> 
     </span>
     <span class='ocr_line' id='line_1_25' title="bbox 160 2408 1233 2493; baseline -0.002 -17"><span class='ocrx_word' id='word_1_212' title='bbox 160 2408 227 2477; x_wconf 85' lang='lat' dir='ltr'>eam</span> <span class='ocrx_word' id='word_1_213' title='bbox 249 2422 398 2484; x_wconf 83' lang='lat' dir='ltr'>naturam,</span> <span class='ocrx_word' id='word_1_214' title='bbox 429 2433 504 2492; x_wconf 91' lang='lat' dir='ltr'>quae</span> <span class='ocrx_word' id='word_1_215' title='bbox 533 2433 638 2474; x_wconf 88' lang='lat' dir='ltr'>omnes</span> <span class='ocrx_word' id='word_1_216' title='bbox 666 2432 716 2475; x_wconf 89' lang='lat' dir='ltr'>res</span> <span class='ocrx_word' id='word_1_217' title='bbox 738 2413 779 2474; x_wconf 86' lang='lat' dir='ltr'>sit</span> <span class='ocrx_word' id='word_1_218' title='bbox 801 2415 970 2493; x_wconf 81' lang='lat' dir='ltr'>complexa,</span> <span class='ocrx_word' id='word_1_219' title='bbox 1000 2433 1061 2474; x_wconf 92' lang='lat' dir='ltr'>non</span> <span class='ocrx_word' id='word_1_220' title='bbox 1090 2414 1233 2493; x_wconf 91' lang='lat' dir='ltr'>optimam</span> 
     </span>
     <span class='ocr_line' id='line_1_26' title="bbox 163 2498 1231 2578; baseline -0.001 -19"><span class='ocrx_word' id='word_1_221' title='bbox 163 2498 240 2571; x_wconf 90' lang='lat' dir='ltr'>dici,</span> <span class='ocrx_word' id='word_1_222' title='bbox 270 2505 334 2569; x_wconf 92' lang='lat' dir='ltr'>aut,</span> <span class='ocrx_word' id='word_1_223' title='bbox 365 2516 455 2575; x_wconf 90' lang='lat' dir='ltr'>quum</span> <span class='ocrx_word' id='word_1_224' title='bbox 484 2498 525 2557; x_wconf 90' lang='lat' dir='ltr'>sit</span> <span class='ocrx_word' id='word_1_225' title='bbox 551 2498 677 2576; x_wconf 87' lang='lat' dir='ltr'>optima,</span> <span class='ocrx_word' id='word_1_226' title='bbox 707 2516 779 2558; x_wconf 90' lang='lat' dir='ltr'>uon</span> <span class='ocrx_word' id='word_1_227' title='bbox 796 2499 925 2578; x_wconf 89' lang='lat' dir='ltr'>primum</span> <span class='ocrx_word' id='word_1_228' title='bbox 949 2498 1129 2559; x_wconf 86' lang='lat' dir='ltr'>animantem</span> <span class='ocrx_word' id='word_1_229' title='bbox 1153 2517 1231 2570; x_wconf 86' lang='lat' dir='ltr'>esse,</span> 
     </span>
     <span class='ocr_line' id='line_1_27' title="bbox 160 2577 1272 2661; baseline -0.004 -18"><span class='ocrx_word' id='word_1_230' title='bbox 160 2582 270 2644; x_wconf 92' lang='lat' dir='ltr'>deinde</span> <span class='ocrx_word' id='word_1_231' title='bbox 292 2581 419 2641; x_wconf 88' lang='lat' dir='ltr'>rationis</span> <span class='ocrx_word' id='word_1_232' title='bbox 443 2590 472 2642; x_wconf 93' lang='lat' dir='ltr'>et</span> <span class='ocrx_word' id='word_1_233' title='bbox 494 2580 614 2641; x_wconf 90' lang='lat' dir='ltr'>consilii</span> <span class='ocrx_word' id='word_1_234' title='bbox 643 2591 827 2661; x_wconf 87' lang='lat' dir='ltr'>compotem,</span> <span class='ocrx_word' id='word_1_235' title='bbox 857 2591 1011 2661; x_wconf 91' lang='lat' dir='ltr'>postremo</span> <span class='ocrx_word' id='word_1_236' title='bbox 1040 2577 1232 2659; x_wconf 80' lang='lat' dir='ltr'>sapientem?</span> <span class='ocrx_word' id='word_1_237' title='bbox 1270 2592 1272 2596; x_wconf 83' lang='lat'>&#39;</span> 
     </span>
     <span class='ocr_line' id='line_1_28' title="bbox 160 2663 1231 2747; baseline 0 -20"><span class='ocrx_word' id='word_1_238' title='bbox 160 2666 219 2739; x_wconf 84' lang='lat' dir='ltr'>Qui</span> <span class='ocrx_word' id='word_1_239' title='bbox 242 2665 321 2726; x_wconf 88' lang='lat' dir='ltr'>enim</span> <span class='ocrx_word' id='word_1_240' title='bbox 346 2665 432 2726; x_wconf 89' lang='lat' dir='ltr'>aliter</span> <span class='ocrx_word' id='word_1_241' title='bbox 452 2673 553 2744; x_wconf 85' lang='lat' dir='ltr'>potest</span> <span class='ocrx_word' id='word_1_242' title='bbox 575 2683 643 2727; x_wconf 91' lang='lat' dir='ltr'>esse</span> <span class='ocrx_word' id='word_1_243' title='bbox 659 2663 794 2745; x_wconf 76' lang='lat' dir='ltr'>optima?</span> <span class='ocrx_word' id='word_1_244' title='bbox 816 2667 919 2747; x_wconf 90' lang='lat' dir='ltr'>Neque</span> <span class='ocrx_word' id='word_1_245' title='bbox 936 2665 1024 2738; x_wconf 90' lang='lat' dir='ltr'>enim,</span> <span class='ocrx_word' id='word_1_246' title='bbox 1050 2665 1075 2725; x_wconf 95' lang='lat' dir='ltr'>si</span> <span class='ocrx_word' id='word_1_247' title='bbox 1090 2665 1231 2743; x_wconf 89' lang='lat' dir='ltr'>stirpium</span> 
     </span>
    </p>
   </div>
   <div class='ocr_carea' id='block_1_3' title="bbox 161 2792 1245 4014">
    <p class='ocr_par' dir='ltr' id='par_1_3' title="bbox 161 2792 1245 3336">
     <span class='ocr_line' id='line_1_29' title="bbox 193 2792 1231 2863; baseline -0.005 -10"><span class='ocrx_word' id='word_1_248' title='bbox 193 2792 242 2855; x_wconf 76' lang='lat'>18.</span> <span class='ocrx_word' id='word_1_249' title='bbox 264 2803 362 2857; x_wconf 75' lang='lat' dir='ltr'>Quartus</span> <span class='ocrx_word' id='word_1_250' title='bbox 380 2802 560 2863; x_wconf 81' lang='lat' dir='ltr'>colemqrodus.</span> <span class='ocrx_word' id='word_1_251' title='bbox 588 2797 623 2848; x_wconf 81' lang='lat' dir='ltr'>Es</span> <span class='ocrx_word' id='word_1_252' title='bbox 641 2798 675 2847; x_wconf 88' lang='lat' dir='ltr'>ist</span> <span class='ocrx_word' id='word_1_253' title='bbox 716 2799 782 2849; x_wconf 81' lang='lat' dir='ltr'>ratio</span> <span class='ocrx_word' id='word_1_254' title='bbox 807 2815 854 2849; x_wconf 86' lang='lat' dir='ltr'>nm·</span> <span class='ocrx_word' id='word_1_255' title='bbox 877 2799 1003 2856; x_wconf 73' lang='lat' dir='ltr'>insulem,</span> <span class='ocrx_word' id='word_1_256' title='bbox 1031 2797 1068 2847; x_wconf 89' lang='lat' dir='ltr'>als</span> <span class='ocrx_word' id='word_1_257' title='bbox 1085 2814 1135 2847; x_wconf 88' lang='lat' dir='ltr'>von</span> <span class='ocrx_word' id='word_1_258' title='bbox 1160 2798 1231 2848; x_wconf 89' lang='lat' dir='ltr'>einer</span> 
     </span>
     <span class='ocr_line' id='line_1_30' title="bbox 161 2862 1231 2928; baseline -0.001 -13"><span class='ocrx_word' id='word_1_259' title='bbox 161 2865 280 2923; x_wconf 76' lang='lat' dir='ltr'>offendar,</span> <span class='ocrx_word' id='word_1_260' title='bbox 300 2865 367 2922; x_wconf 83' lang='lat' dir='ltr'>dass,</span> <span class='ocrx_word' id='word_1_261' title='bbox 382 2866 504 2916; x_wconf 75' lang='lat' dir='ltr'>wdhrend</span> <span class='ocrx_word' id='word_1_262' title='bbox 518 2865 674 2927; x_wconf 84' lang='lat' dir='ltr'>dievorigen</span> <span class='ocrx_word' id='word_1_263' title='bbox 717 2862 906 2928; x_wconf 63' lang='lat' dir='ltr'>nngch‘orenen,</span> <span class='ocrx_word' id='word_1_264' title='bbox 940 2867 1007 2916; x_wconf 85' lang='lat' dir='ltr'>nicht</span> <span class='ocrx_word' id='word_1_265' title='bbox 1035 2865 1146 2927; x_wconf 74' lang='lat' dir='ltr'>ullmilig</span> <span class='ocrx_word' id='word_1_266' title='bbox 1177 2873 1231 2915; x_wconf 89' lang='lat' dir='ltr'>erst</span> 
     </span>
     <span class='ocr_line' id='line_1_31' title="bbox 161 2932 1231 2995; baseline -0.001 -13"><span class='ocrx_word' id='word_1_267' title='bbox 161 2933 216 2982; x_wconf 89' lang='lat' dir='ltr'>drei</span> <span class='ocrx_word' id='word_1_268' title='bbox 234 2932 318 2982; x_wconf 84' lang='lat' dir='ltr'>Grede</span> <span class='ocrx_word' id='word_1_269' title='bbox 337 2933 581 2995; x_wconf 77' lang='lat' dir='ltr'>erlahrungsmdssig</span> <span class='ocrx_word' id='word_1_270' title='bbox 607 2933 670 2990; x_wconf 84' lang='lat' dir='ltr'>sind,</span> <span class='ocrx_word' id='word_1_271' title='bbox 717 2934 894 2985; x_wconf 87' lang='lat' dir='ltr'>entwickelten</span> <span class='ocrx_word' id='word_1_272' title='bbox 913 2934 962 2983; x_wconf 91' lang='lat' dir='ltr'>und</span> <span class='ocrx_word' id='word_1_273' title='bbox 976 2932 1231 2984; x_wconf 84' lang='lat' dir='ltr'>vervollkommneten</span> 
     </span>
     <span class='ocr_line' id='line_1_32' title="bbox 162 2987 1231 3066; baseline 0.001 -17"><span class='ocrx_word' id='word_1_274' title='bbox 162 3000 246 3049; x_wconf 87' lang='lat' dir='ltr'>dieser</span> <span class='ocrx_word' id='word_1_275' title='bbox 261 2987 352 3048; x_wconf 84' lang='lat' dir='ltr'>viertel</span> <span class='ocrx_word' id='word_1_276' title='bbox 367 2999 421 3049; x_wconf 87' lang='lat' dir='ltr'>blos</span> <span class='ocrx_word' id='word_1_277' title='bbox 448 3001 494 3050; x_wconf 86' lang='lat' dir='ltr'>der</span> <span class='ocrx_word' id='word_1_278' title='bbox 512 3000 674 3066; x_wconf 86' lang='lat' dir='ltr'>Consequcnz</span> <span class='ocrx_word' id='word_1_279' title='bbox 716 3000 844 3053; x_wconf 77' lang='lat' dir='ltr'>Vcruunit</span> <span class='ocrx_word' id='word_1_280' title='bbox 866 3001 907 3050; x_wconf 88' lang='lat' dir='ltr'>die</span> <span class='ocrx_word' id='word_1_281' title='bbox 930 2992 1000 3051; x_wconf 77' lang='lat' dir='ltr'>Rode</span> <span class='ocrx_word' id='word_1_282' title='bbox 1024 3001 1064 3049; x_wconf 90' lang='lat' dir='ltr'>ist.</span> <span class='ocrx_word' id='word_1_283' title='bbox 1108 3000 1178 3049; x_wconf 89' lang='lat' dir='ltr'>Denn</span> <span class='ocrx_word' id='word_1_284' title='bbox 1203 3015 1231 3050; x_wconf 90' lang='lat' dir='ltr'>so</span> 
     </span>
     <span class='ocr_line' id='line_1_33' title="bbox 161 3066 1231 3133; baseline 0.002 -19"><span class='ocrx_word' id='word_1_285' title='bbox 161 3080 251 3126; x_wconf 77' lang='lat' dir='ltr'>wegcn</span> <span class='ocrx_word' id='word_1_286' title='bbox 261 3066 521 3127; x_wconf 61' lang='lat' dir='ltr'>angenommenuird</span> <span class='ocrx_word' id='word_1_287' title='bbox 535 3067 594 3118; x_wconf 88' lang='lat' dir='ltr'>weil</span> <span class='ocrx_word' id='word_1_288' title='bbox 604 3075 675 3133; x_wconf 82' lang='lat' dir='ltr'>sopst</span> <span class='ocrx_word' id='word_1_289' title='bbox 717 3068 797 3118; x_wconf 84' lang='lat' dir='ltr'>seiten</span> <span class='ocrx_word' id='word_1_290' title='bbox 827 3070 905 3118; x_wconf 35' lang='lat' dir='ltr'>aucha</span> <span class='ocrx_word' id='word_1_291' title='bbox 921 3069 967 3128; x_wconf 89' lang='lat' dir='ltr'>der</span> <span class='ocrx_word' id='word_1_292' title='bbox 990 3066 1091 3117; x_wconf 87' lang='lat' dir='ltr'>Mensch</span> <span class='ocrx_word' id='word_1_293' title='bbox 1114 3066 1231 3116; x_wconf 81' lang='lat' dir='ltr'>wirldicln</span> 
     </span>
     <span class='ocr_line' id='line_1_34' title="bbox 161 3130 1245 3198; baseline 0.003 -18"><span class='ocrx_word' id='word_1_294' title='bbox 161 3130 202 3180; x_wconf 92' lang='lat' dir='ltr'>die</span> <span class='ocrx_word' id='word_1_295' title='bbox 221 3130 378 3194; x_wconf 79' lang='lat' dir='ltr'>Stulenlolge</span> <span class='ocrx_word' id='word_1_296' title='bbox 397 3134 464 3183; x_wconf 89' lang='lat' dir='ltr'>nicht</span> <span class='ocrx_word' id='word_1_297' title='bbox 480 3134 519 3183; x_wconf 90' lang='lat' dir='ltr'>bis</span> <span class='ocrx_word' id='word_1_298' title='bbox 537 3150 593 3184; x_wconf 92' lang='lat' dir='ltr'>zum</span> <span class='ocrx_word' id='word_1_299' title='bbox 605 3134 674 3186; x_wconf 93' lang='lat' dir='ltr'>Voll-</span> <span class='ocrx_word' id='word_1_300' title='bbox 717 3136 782 3185; x_wconf 85' lang='lat' dir='ltr'>dnzu</span> <span class='ocrx_word' id='word_1_301' title='bbox 800 3135 922 3198; x_wconf 76' lang='lat' dir='ltr'>golaogon</span> <span class='ocrx_word' id='word_1_302' title='bbox 940 3148 1003 3196; x_wconf 80' lang='lat' dir='ltr'>mag,</span> <span class='ocrx_word' id='word_1_303' title='bbox 1026 3132 1165 3196; x_wconf 79' lang='lat' dir='ltr'>unmdglieh</span> <span class='ocrx_word' id='word_1_304' title='bbox 1178 3149 1245 3183; x_wconf 88' lang='lat' dir='ltr'>we-·</span> 
     </span>
     <span class='ocr_line' id='line_1_35' title="bbox 161 3198 1231 3266; baseline 0.007 -20"><span class='ocrx_word' id='word_1_305' title='bbox 161 3198 331 3248; x_wconf 87' lang='lat' dir='ltr'>kommensten</span> <span class='ocrx_word' id='word_1_306' title='bbox 349 3199 439 3248; x_wconf 81' lang='lat' dir='ltr'>hinnul</span> <span class='ocrx_word' id='word_1_307' title='bbox 455 3201 556 3251; x_wconf 85' lang='lat' dir='ltr'>reichen</span> <span class='ocrx_word' id='word_1_308' title='bbox 573 3203 671 3259; x_wconf 78' lang='lat' dir='ltr'>winde,</span> <span class='ocrx_word' id='word_1_309' title='bbox 718 3203 830 3266; x_wconf 80' lang='lat' dir='ltr'>nigstens</span> <span class='ocrx_word' id='word_1_310' title='bbox 843 3202 877 3250; x_wconf 84' lang='lat' dir='ltr'>ist</span> <span class='ocrx_word' id='word_1_311' title='bbox 888 3216 915 3251; x_wconf 86' lang='lat' dir='ltr'>es</span> <span class='ocrx_word' id='word_1_312' title='bbox 927 3201 975 3250; x_wconf 90' lang='lat' dir='ltr'>ihm</span> <span class='ocrx_word' id='word_1_313' title='bbox 990 3201 1071 3250; x_wconf 87' lang='lat' dir='ltr'>nicht:</span> <span class='ocrx_word' id='word_1_314' title='bbox 1093 3207 1158 3252; x_wconf 78' lang='lat' dir='ltr'>homo</span> <span class='ocrx_word' id='word_1_315' title='bbox 1171 3207 1231 3253; x_wconf 82' lang='lat' dir='ltr'>enim</span> 
     </span>
     <span class='ocr_line' id='line_1_36' title="bbox 163 3265 1233 3336; baseline -0.004 -15"><span class='ocrx_word' id='word_1_316' title='bbox 163 3280 219 3316; x_wconf 66' lang='lat' dir='ltr'>wat</span> <span class='ocrx_word' id='word_1_317' title='bbox 237 3265 262 3332; x_wconf 65' lang='grc' dir='ltr'><strong>ἓ</strong></span> <span class='ocrx_word' id='word_1_318' title='bbox 284 3267 316 3317; x_wconf 84' lang='grc'>35</span> <span class='ocrx_word' id='word_1_319' title='bbox 334 3266 408 3328; x_wconf 71' lang='grc' dir='ltr'>Ζθίὅῑ.</span> <span class='ocrx_word' id='word_1_320' title='bbox 717 3274 810 3336; x_wconf 80' lang='lat' dir='ltr'>sopiens</span> <span class='ocrx_word' id='word_1_321' title='bbox 832 3273 883 3334; x_wconf 74' lang='lat' dir='ltr'>fieri</span> <span class='ocrx_word' id='word_1_322' title='bbox 903 3278 991 3334; x_wconf 83' lang='lat' dir='ltr'>potest,</span> <span class='ocrx_word' id='word_1_323' title='bbox 1019 3269 1099 3318; x_wconf 85' lang='lat' dir='ltr'>hoisst</span> <span class='ocrx_word' id='word_1_324' title='bbox 1122 3284 1149 3318; x_wconf 87' lang='lat' dir='ltr'>es</span> <span class='ocrx_word' id='word_1_325' title='bbox 1170 3269 1233 3317; x_wconf 86' lang='lat' dir='ltr'>auch</span> 
     </span>
    </p>

    <p class='ocr_par' dir='ltr' id='par_1_4' title="bbox 161 3335 1235 3936">
     <span class='ocr_line' id='line_1_37' title="bbox 195 3335 900 3403; baseline -0.001 -19"><span class='ocrx_word' id='word_1_326' title='bbox 195 3338 256 3386; x_wconf 77' lang='lat' dir='ltr'>cotio</span> <span class='ocrx_word' id='word_1_327' title='bbox 274 3344 335 3386; x_wconf 83' lang='lat' dir='ltr'>recta</span> <span class='ocrx_word' id='word_1_328' title='bbox 351 3337 518 3403; x_wconf 72' lang='lat' dir='ltr'>consciosque:</span> <span class='ocrx_word' id='word_1_329' title='bbox 537 3336 577 3386; x_wconf 92' lang='lat' dir='ltr'>die</span> <span class='ocrx_word' id='word_1_330' title='bbox 588 3336 687 3386; x_wconf 79' lang='lat' dir='ltr'>immor</span> <span class='ocrx_word' id='word_1_331' title='bbox 718 3344 794 3387; x_wconf 76' lang='lat' dir='ltr'>unton</span> <span class='ocrx_word' id='word_1_332' title='bbox 812 3335 838 3403; x_wconf 65' lang='grc' dir='ltr'>ξ.</span> <span class='ocrx_word' id='word_1_333' title='bbox 860 3337 900 3387; x_wconf 87' lang='grc'>36.</span> 
     </span>
     <span class='ocr_line' id='line_1_38' title="bbox 162 3400 1234 3464; baseline -0.001 -13"><span class='ocrx_word' id='word_1_334' title='bbox 162 3400 311 3451; x_wconf 80' lang='lat' dir='ltr'>dnslieclnte</span> <span class='ocrx_word' id='word_1_335' title='bbox 318 3401 447 3461; x_wconf 71' lang='lat' dir='ltr'>tradenda</span> <span class='ocrx_word' id='word_1_336' title='bbox 464 3411 526 3454; x_wconf 86' lang='lat' dir='ltr'>stcts</span> <span class='ocrx_word' id='word_1_337' title='bbox 536 3404 587 3453; x_wconf 80' lang='lat' dir='ltr'>siclt</span> <span class='ocrx_word' id='word_1_338' title='bbox 597 3403 677 3453; x_wconf 86' lang='lat' dir='ltr'>selbst</span> <span class='ocrx_word' id='word_1_339' title='bbox 752 3405 793 3455; x_wconf 81' lang='lat'>35.</span> <span class='ocrx_word' id='word_1_340' title='bbox 814 3409 840 3457; x_wconf 81' lang='lat' dir='ltr'>in</span> <span class='ocrx_word' id='word_1_341' title='bbox 856 3407 906 3456; x_wconf 86' lang='lat' dir='ltr'>ullo</span> <span class='ocrx_word' id='word_1_342' title='bbox 922 3421 999 3456; x_wconf 83' lang='lat' dir='ltr'>rerum</span> <span class='ocrx_word' id='word_1_343' title='bbox 1016 3407 1175 3464; x_wconf 77' lang='lat' dir='ltr'>institutione,</span> <span class='ocrx_word' id='word_1_344' title='bbox 1192 3400 1234 3451; x_wconf 87' lang='lat' dir='ltr'>bei</span> 
     </span>
     <span class='ocr_line' id='line_1_39' title="bbox 162 3467 1231 3534; baseline 0 -16"><span class='ocrx_word' id='word_1_345' title='bbox 162 3476 251 3530; x_wconf 77' lang='lat' dir='ltr'>getreu</span> <span class='ocrx_word' id='word_1_346' title='bbox 274 3467 418 3528; x_wconf 84' lang='lat' dir='ltr'>hleibende‚</span> <span class='ocrx_word' id='word_1_347' title='bbox 456 3471 496 3520; x_wconf 86' lang='lat' dir='ltr'>nie</span> <span class='ocrx_word' id='word_1_348' title='bbox 521 3471 545 3519; x_wconf 95' lang='lat' dir='ltr'>in</span> <span class='ocrx_word' id='word_1_349' title='bbox 569 3470 676 3521; x_wconf 87' lang='lat' dir='ltr'>Widor-</span> <span class='ocrx_word' id='word_1_350' title='bbox 719 3471 808 3534; x_wconf 78' lang='lat' dir='ltr'>irgend</span> <span class='ocrx_word' id='word_1_351' title='bbox 837 3471 909 3521; x_wconf 86' lang='lat' dir='ltr'>einer</span> <span class='ocrx_word' id='word_1_352' title='bbox 933 3471 1029 3534; x_wconf 81' lang='lat' dir='ltr'>Anlage</span> <span class='ocrx_word' id='word_1_353' title='bbox 1054 3472 1102 3520; x_wconf 83' lang='lat' dir='ltr'>von</span> <span class='ocrx_word' id='word_1_354' title='bbox 1126 3469 1231 3531; x_wconf 86' lang='lat' dir='ltr'>Dingen,</span> 
     </span>
     <span class='ocr_line' id='line_1_40' title="bbox 162 3535 1231 3602; baseline 0.002 -18"><span class='ocrx_word' id='word_1_355' title='bbox 162 3536 252 3586; x_wconf 81' lang='lat' dir='ltr'>sruclr</span> <span class='ocrx_word' id='word_1_356' title='bbox 275 3535 321 3585; x_wconf 90' lang='lat' dir='ltr'>mit</span> <span class='ocrx_word' id='word_1_357' title='bbox 344 3537 406 3587; x_wconf 70' lang='lat' dir='ltr'>sicli</span> <span class='ocrx_word' id='word_1_358' title='bbox 420 3537 499 3587; x_wconf 82' lang='lat' dir='ltr'>selbot</span> <span class='ocrx_word' id='word_1_359' title='bbox 522 3538 675 3600; x_wconf 79' lang='lat' dir='ltr'>gerathende</span> <span class='ocrx_word' id='word_1_360' title='bbox 719 3540 744 3589; x_wconf 92' lang='lat' dir='ltr'>d.</span> <span class='ocrx_word' id='word_1_361' title='bbox 764 3540 789 3590; x_wconf 86' lang='lat' dir='ltr'>h.</span> <span class='ocrx_word' id='word_1_362' title='bbox 810 3539 851 3590; x_wconf 84' lang='lat' dir='ltr'>hei</span> <span class='ocrx_word' id='word_1_363' title='bbox 874 3539 964 3602; x_wconf 86' lang='lat' dir='ltr'>irgond</span> <span class='ocrx_word' id='word_1_364' title='bbox 985 3538 1099 3589; x_wconf 86' lang='lat' dir='ltr'>welchen</span> <span class='ocrx_word' id='word_1_365' title='bbox 1125 3536 1231 3600; x_wconf 73' lang='lat' dir='ltr'>Diogen,</span> 
     </span>
     <span class='ocr_line' id='line_1_41' title="bbox 161 3551 1235 3683; baseline 0 -30"><span class='ocrx_word' id='word_1_366' title='bbox 161 3551 301 3666; x_wconf 71' lang='lat' dir='ltr'>llcrnunl&#39;t:</span> <span class='ocrx_word' id='word_1_367' title='bbox 321 3598 401 3683; x_wconf 67' lang='lat' dir='ltr'>lepos·</span> <span class='ocrx_word' id='word_1_368' title='bbox 416 3598 501 3673; x_wconf 74' lang='grc' dir='ltr'><strong><em>ὀρθὸς</em></strong></span> <span class='ocrx_word' id='word_1_369' title='bbox 517 3601 563 3665; x_wconf 70' lang='lat' dir='ltr'>acal</span> <span class='ocrx_word' id='word_1_370' title='bbox 580 3600 676 3672; x_wconf 80' lang='grc' dir='ltr'><em>ὁμολο·</em></span> <span class='ocrx_word' id='word_1_371' title='bbox 719 3607 760 3657; x_wconf 88' lang='lat' dir='ltr'>die</span> <span class='ocrx_word' id='word_1_372' title='bbox 777 3623 827 3657; x_wconf 94' lang='lat' dir='ltr'>von</span> <span class='ocrx_word' id='word_1_373' title='bbox 851 3606 897 3657; x_wconf 89' lang='lat' dir='ltr'>der</span> <span class='ocrx_word' id='word_1_374' title='bbox 913 3605 997 3657; x_wconf 84' lang='lat' dir='ltr'>Natur</span> <span class='ocrx_word' id='word_1_375' title='bbox 1020 3606 1082 3656; x_wconf 88' lang='lat' dir='ltr'>oder</span> <span class='ocrx_word' id='word_1_376' title='bbox 1098 3620 1148 3653; x_wconf 94' lang='lat' dir='ltr'>von</span> <span class='ocrx_word' id='word_1_377' title='bbox 1165 3603 1235 3654; x_wconf 84' lang='lat' dir='ltr'>Men-</span> 
     </span>
     <span class='ocr_line' id='line_1_42' title="bbox 161 3664 1235 3739; baseline 0.002 -19"><span class='ocrx_word' id='word_1_378' title='bbox 161 3665 294 3739; x_wconf 67' lang='lat' dir='ltr'>rodpevoc</span> <span class='ocrx_word' id='word_1_379' title='bbox 316 3686 361 3720; x_wconf 85' lang='grc' dir='ltr'>και</span> <span class='ocrx_word' id='word_1_380' title='bbox 378 3670 486 3736; x_wconf 77' lang='grc' dir='ltr'><strong><em>βέβαιος</em></strong></span> <span class='ocrx_word' id='word_1_381' title='bbox 508 3667 554 3721; x_wconf 80' lang='grc' dir='ltr'>καὶ</span> <span class='ocrx_word' id='word_1_382' title='bbox 577 3664 676 3739; x_wconf 69' lang='lat' dir='ltr'>dpere-</span> <span class='ocrx_word' id='word_1_383' title='bbox 719 3674 795 3724; x_wconf 82' lang='lat' dir='ltr'>schen</span> <span class='ocrx_word' id='word_1_384' title='bbox 820 3675 938 3738; x_wconf 75' lang='lat' dir='ltr'>angelegt</span> <span class='ocrx_word' id='word_1_385' title='bbox 966 3673 1016 3724; x_wconf 93' lang='lat' dir='ltr'>und</span> <span class='ocrx_word' id='word_1_386' title='bbox 1047 3679 1235 3725; x_wconf 82' lang='lat' dir='ltr'>nntcruommcn</span> 
     </span>
     <span class='ocr_line' id='line_1_43' title="bbox 161 3737 832 3807; baseline 0.004 -20"><span class='ocrx_word' id='word_1_387' title='bbox 161 3742 270 3807; x_wconf 50' lang='lat' dir='ltr'>ortorp*¹</span> <span class='ocrx_word' id='word_1_388' title='bbox 291 3737 367 3799; x_wconf 79' lang='lat' dir='ltr'>{Plnt</span> <span class='ocrx_word' id='word_1_389' title='bbox 388 3739 419 3788; x_wconf 89' lang='lat' dir='ltr'>de</span> <span class='ocrx_word' id='word_1_390' title='bbox 443 3739 501 3789; x_wconf 75' lang='lat' dir='ltr'>virt</span> <span class='ocrx_word' id='word_1_391' title='bbox 524 3753 586 3788; x_wconf 80' lang='lat' dir='ltr'>inor.</span> <span class='ocrx_word' id='word_1_392' title='bbox 607 3754 629 3788; x_wconf 90' lang='lat' dir='ltr'>c.</span> <span class='ocrx_word' id='word_1_393' title='bbox 651 3739 677 3801; x_wconf 81' lang='lat'>3)</span> <span class='ocrx_word' id='word_1_394' title='bbox 719 3741 832 3791; x_wconf 90' lang='lat' dir='ltr'>werden.</span> 
     </span>
     <span class='ocr_line' id='line_1_44' title="bbox 163 3804 1234 3866; baseline 0.006 -13"><span class='ocrx_word' id='word_1_395' title='bbox 163 3804 209 3855; x_wconf 88' lang='lat' dir='ltr'>der</span> <span class='ocrx_word' id='word_1_396' title='bbox 257 3807 324 3859; x_wconf 69' lang='lat' dir='ltr'>miss</span> <span class='ocrx_word' id='word_1_397' title='bbox 342 3805 442 3866; x_wconf 86' lang='lat' dir='ltr'>gesinnt</span> <span class='ocrx_word' id='word_1_398' title='bbox 459 3823 491 3855; x_wconf 86' lang='lat' dir='ltr'>zu</span> <span class='ocrx_word' id='word_1_399' title='bbox 506 3805 559 3855; x_wconf 91' lang='lat' dir='ltr'>sein</span> <span class='ocrx_word' id='word_1_400' title='bbox 578 3806 627 3854; x_wconf 90' lang='lat' dir='ltr'>und</span> <span class='ocrx_word' id='word_1_401' title='bbox 646 3820 677 3856; x_wconf 89' lang='lat' dir='ltr'>zn</span> <span class='ocrx_word' id='word_1_402' title='bbox 754 3813 859 3861; x_wconf 83' lang='lat' dir='ltr'>inomni</span> <span class='ocrx_word' id='word_1_403' title='bbox 882 3817 966 3861; x_wconf 74' lang='lat' dir='ltr'>poturo</span> <span class='ocrx_word' id='word_1_404' title='bbox 989 3806 1014 3856; x_wconf 92' lang='lat' dir='ltr'>d.</span> <span class='ocrx_word' id='word_1_405' title='bbox 1035 3809 1058 3856; x_wconf 88' lang='lat' dir='ltr'>h.</span> <span class='ocrx_word' id='word_1_406' title='bbox 1076 3811 1104 3858; x_wconf 70' lang='lat' dir='ltr'>&#39;ln</span> <span class='ocrx_word' id='word_1_407' title='bbox 1126 3810 1234 3859; x_wconf 78' lang='lat' dir='ltr'>universo</span> 
     </span>
     <span class='ocr_line' id='line_1_45' title="bbox 162 3868 1235 3936; baseline 0 -15"><span class='ocrx_word' id='word_1_408' title='bbox 162 3870 270 3921; x_wconf 80' lang='lat' dir='ltr'>lnondeln</span> <span class='ocrx_word' id='word_1_409' title='bbox 287 3868 418 3921; x_wconf 82' lang='lat' dir='ltr'>Weisneit</span> <span class='ocrx_word' id='word_1_410' title='bbox 444 3874 493 3922; x_wconf 94' lang='lat' dir='ltr'>und</span> <span class='ocrx_word' id='word_1_411' title='bbox 510 3871 615 3934; x_wconf 79' lang='lat' dir='ltr'>Tugend</span> <span class='ocrx_word' id='word_1_412' title='bbox 633 3872 674 3923; x_wconf 92' lang='lat' dir='ltr'>ist.</span> <span class='ocrx_word' id='word_1_413' title='bbox 720 3893 743 3927; x_wconf 78' lang='lat' dir='ltr'>n.</span> <span class='ocrx_word' id='word_1_414' title='bbox 763 3874 825 3925; x_wconf 89' lang='lat' dir='ltr'>oder</span> <span class='ocrx_word' id='word_1_415' title='bbox 841 3895 917 3929; x_wconf 82' lang='lat' dir='ltr'>rerum</span> <span class='ocrx_word' id='word_1_416' title='bbox 942 3879 1043 3927; x_wconf 78' lang='lat' dir='ltr'>omnium</span> <span class='ocrx_word' id='word_1_417' title='bbox 1067 3891 1104 3936; x_wconf 74' lang='lat' dir='ltr'>rt,</span> <span class='ocrx_word' id='word_1_418' title='bbox 1132 3871 1184 3922; x_wconf 86' lang='lat' dir='ltr'>also</span> <span class='ocrx_word' id='word_1_419' title='bbox 1208 3878 1235 3924; x_wconf 78' lang='lat' dir='ltr'>io</span> 
     </span>
    </p>

    <p class='ocr_par' dir='ltr' id='par_1_5' title="bbox 197 3939 906 4014">
     <span class='ocr_line' id='line_1_46' title="bbox 197 3939 906 4014; baseline 0.007 -24"><span class='ocrx_word' id='word_1_420' title='bbox 197 3958 267 4006; x_wconf 84' lang='lat' dir='ltr'>supro</span> <span class='ocrx_word' id='word_1_421' title='bbox 280 3943 392 3990; x_wconf 76' lang='lat' dir='ltr'>hominem</span> <span class='ocrx_word' id='word_1_422' title='bbox 402 3945 507 4004; x_wconf 82' lang='lat' dir='ltr'>putando</span> <span class='ocrx_word' id='word_1_423' title='bbox 516 3940 549 3989; x_wconf 89' lang='lat' dir='ltr'>ist</span> <span class='ocrx_word' id='word_1_424' title='bbox 558 3939 598 3989; x_wconf 88' lang='lat' dir='ltr'>dic</span> <span class='ocrx_word' id='word_1_425' title='bbox 607 3949 679 3990; x_wconf 84' lang='lat' dir='ltr'>recta</span> <span class='ocrx_word' id='word_1_426' title='bbox 719 3947 813 3994; x_wconf 85' lang='lat' dir='ltr'>mundo.</span> <span class='ocrx_word' id='word_1_427' title='bbox 888 3994 906 4014; x_wconf 22' lang='grc' dir='ltr'>Ν,</span> 
     </span>
    </p>
   </div>
   <div class='ocr_carea' id='block_1_4' title="bbox 0 0 1332 4418">
    <p class='ocr_par' dir='ltr' id='par_1_6' title="bbox 0 0 1332 4418">
     <span class='ocr_line' id='line_1_47' title="bbox 0 0 1332 4418; baseline 0 0"><span class='ocrx_word' id='word_1_428' title='bbox 0 0 1332 4418; x_wconf 95' lang='lat' dir='ltr'> </span> 
     </span>
    </p>
   </div>
  </div>
 </body>
</html>
