2640 4418
510 331 572 382 ern.
593 330 612 382 l.
635 329 705 381 ear.
727 333 767 382 aa.
788 332 829 382 aa.
911 390 914 396 ,
1160 319 1200 380 79

136 486 338 548 voluminibus
361 485 534 557 conciderit,
557 486 588 544 in
611 482 811 545 Democritum
835 485 943 562 ipsum,
968 503 1054 562 quem
1078 494 1199 545 secutus

139 581 194 644 est,
228 572 315 631 luerit
337 573 480 648 ingratus,
513 570 751 648 Nausiphanem,
785 569 861 639 ma'
901 595 904 601 ¹
1108 595 1111 605 ·

137 676 198 718 non
221 657 295 716 nihil
318 657 566 728 didicerat,.‚tam
588 655 666 732 male
688 653 825 752 acm*

137 761 190 803 eos
204 741 309 813 solum,
334 741 384 819 qui
397 749 457 801 tum
473 750 564 809 erant,
588 738 812 817 Apollodorum,
1155 804 1159 810 ς
1180 780 1182 783 ψ

136 826 188 886 bat
208 826 389 895 maledictis,
414 824 465 886 sed
490 825 643 895 Socratem
666 823 779 900 ipsum,
802 842 870 902 par
1008 867 1013 880 .
1118 824 1153 987 J

136 911 242 972 Latino
264 911 355 970 verbo
377 919 474 979 utens,
498 907 771 989 stturramrltticum
794 908 887 968 luisse
910 908 1036 981 dicebat,
1060 909 1119 970 Chr
1138 909 1250 987 sip-ur
1259 934 1316 983 ,aar

103 1055 107 1071 ,
135 1015 206 1074 pum
245 1013 407 1074 numquam
442 993 502 1054 nisi
537 992 719 1071 Chesippum
753 991 886 1054 vocabat.
932 995 976 1054 Tu
1010 993 1074 1072 ipse
1096 986 1261 1072 paullotld'

90 1094 99 1104 “
136 1091 213 1152 aute,
237 1099 327 1158 quum
350 1088 500 1157 tamquam
524 1071 929 1156 sehaluffirlrilosophorum
942 1080 1095 1150 recitares,
1119 1097 1198 1138 sum-
1257 1082 1261 1089 “

134 1183 199 1225 mos
221 1165 302 1224 viros
326 1163 479 1242 desipere,
514 1162 650 1235 delirare,
674 1163 827 1223 dementes
850 1182 918 1224 esse
940 1163 1070 1224 dicebas.
1118 1162 1197 1235 Quo-

135 1247 200 1309 rum
222 1249 248 1309 si
271 1267 359 1308 nemo
381 1266 481 1308 verum
503 1248 578 1308 vidit
599 1247 636 1308 de
658 1256 762 1308 natura
786 1249 925 1318 deorum,
958 1248 1119 1307 verendum
1143 1256 1197 1320 est,

134 1333 274 1394 nonulla
298 1333 338 1393 sit
359 1332 492 1394 omniuo.
535 1332 608 1392 Nam
631 1333 704 1405 ista,
729 1352 804 1412 quae
826 1352 879 1393 vos
902 1332 1010 1404 dicitis,
1045 1339 1114 1391 sunt
1137 1342 1199 1392 tota

135 1417 362 1490 commenticia,
384 1419 432 1479 vix
455 1417 542 1493 digna
565 1417 770 1503 lucubratione
793 1417 985 1478 anicularum.
1028 1417 1095 1476 Non
1119 1416 1198 1476 enim

127 1503 276 1574 sentitis„
300 1521 386 1579 quam
410 1502 500 1564 multa
521 1502 607 1563 robis
638 1503 828 1580 suscipienda
852 1502 920 1574 sint,
944 1503 970 1562 si
993 1501 1197 1580 impetraritiS,

133 1593 166 1646 ut
187 1587 386 1646 concedamus
420 1586 545 1648 eandem
578 1607 645 1649 esse
678 1587 831 1646 hominum
866 1597 895 1647 et
917 1588 1041 1648 deorum
1063 1586 1197 1662 figuram.
1294 1615 1300 1621 ·

134 1669 238 1748 Omnis
261 1669 358 1730 cultus
386 1679 416 1730 et
438 1671 551 1732 curatio
575 1673 711 1750 corporis
733 1672 791 1732 erit
812 1672 916 1733 eadem
939 1671 1107 1732 adhibenda
1130 1672 1196 1743 deo,

133 1772 209 1832 quae
232 1753 387 1814 adhibetur
404 1756 535 1816 homini:
560 1757 724 1833 ingressus,
748 1775 862 1827 cursus,
887 1757 1045 1828 accubitio,
1068 1755 1197 1816 inclina-

99 1841 102 1847 ’
130 1839 183 1914 tio,
207 1838 314 1912 sessio,
338 1841 577 1918 comprehensio,
600 1842 635 1900 ad
651 1849 812 1919 extremum
833 1841 919 1902 etiam
936 1861 1035 1901 sermo
1047 1850 1077 1917 et
1091 1841 1197 1900 oratio.

130 1923 204 1983 Nam
228 1924 306 2002 quod
330 1931 359 1985 et
391 1943 489 1984 mares
511 1926 583 1984 deos
607 1936 637 1984 et
664 1924 790 1984 seminas
812 1943 880 1985 esse
903 1926 1019 1997 dicitis,
1054 1925 1124 2002 quid
1148 1944 1193 1984 se·
1209 1936 1240 1985 95

131 2017 246 2086 quatur,
268 2008 387 2070 ridetis.
432 2009 576 2087 Equidem
599 2010 701 2069 mirari
724 2002 808 2072 statis
822 2027 881 2068 non
900 2028 1032 2088 possum,
1056 2010 1135 2069 unde
1159 2009 1194 2069 ad

129 2094 203 2155 istas
238 2088 400 2172 opiniones
430 2103 528 2154 vester
560 2093 610 2154 ille
642 2095 784 2173 princeps
816 2095 938 2155 venerit.
983 2095 1042 2155 Sed
1067 2095 1194 2154 clamare

128 2197 190 2239 non
213 2178 360 2250 desinitis,
383 2178 571 2239 retinendum
594 2179 653 2238 hoc
676 2198 757 2252 esse,
792 2179 866 2239 deus
889 2189 921 2239 ut
943 2179 1048 2240 heatus
1073 2183 1194 2240 immor-

128 2263 255 2340 talisque
277 2264 326 2324 sit.
372 2263 450 2336 Quid
475 2273 572 2324 autem
606 2263 713 2338 obstat,
752 2263 931 2343 quominus
955 2264 1201 2337 sitheatus„six

127 2408 325 2478 Amynomachus
342 2411 471 2461 zuErben·
486 2412 639 2471 seiuosVer·
681 2429 726 2462 ren
754 2413 901 2463 Auditorien
932 2412 1111 2475 grossentbeils
1143 2429 1191 2462 von

127 2484 229 2543 mdgens
247 2481 295 2530 ein.
332 2480 404 2541 Diog.
425 2479 454 2528 L.
475 2479 508 2538 X,
532 2482 571 2530 16.
681 2480 788 2531 Rdmern
816 2481 921 2530 hesucbt
947 2480 1066 2538 wurden,
1099 2481 1192 2542 gewiss

160 2555 185 2600 iu
207 2552 357 2600 democritum
375 2577 406 2584 -
425 2553 537 2613 inqrotus.
577 2547 635 2610 Vgl.
681 2552 848 2600 anzunehmeu
868 2549 909 2598 ist.
946 2547 997 2598 Des
1016 2548 1191 2598 Lateiniscben

127 2618 157 2667 de
176 2616 320 2685 Fibulo,
339 2618 385 2668 21:
405 2620 564 2679 democritum,
585 2621 658 2669 lou-¹
679 2615 786 2668 Wortos
810 2618 905 2667 moohte
930 2617 982 2666 sich
1005 2616 1034 2665 Z.
1056 2618 1190 2678 deswegcu

126 2690 205 2736 dutum
222 2705 236 2736 o
254 2691 347 2748 ceteris,
377 2689 405 2736 ob
435 2689 491 2746 hoc,
522 2690 561 2751 qui
587 2703 637 2736 eum
678 2684 813 2743 bedienen,
840 2684 900 2735 weil
917 2685 1017 2734 esihm
1040 2684 1129 2734 besscr
1152 2684 1190 2734 als

125 2771 196 2803 uuum
215 2763 322 2818 sequutus
341 2762 386 2814 est,
417 2755 502 2804 uoltrm
519 2758 636 2817 uitupere—
678 2753 765 2815 irgend
793 2755 833 2804 ein
862 2753 1035 2803 Griechisohes
1065 2754 1110 2801 das
1146 2753 1190 2801 be-

125 2829 178 2871 lum.
215 2819 244 2868 Ε.
270 2821 404 2868 vcrdrebtc
429 2819 513 2868 scinco
540 2819 635 2868 Nmnen
678 2821 818 2878 zeicbncte,
845 2837 900 2870 was
928 2837 957 2869 er
982 2820 1087 2869 inclute:
1114 2821 1190 2882 jones

111 2887 240 2951 'spotteud
258 2887 283 2934 in
301 2883 473 2956 Ληρόκριτος.
511 2887 583 2948 Diog.
604 2887 633 2935 L.
678 2889 857 2948 geselolnlose
878 2888 1066 2937 Umhcrtreiheu
1084 2887 1189 2936 unddie
1263 2943 1266 2947 ⁴

125 2953 158 3009 X,
183 2955 206 3003 8.
640 2989 646 2992 -
678 2955 718 3004 uie
744 2957 895 3008 erurddeude
924 2954 1108 3016 Redseliglreit,
1147 2954 1189 3003 die

159 3024 335 3086 Nausiphanem.
372 3019 397 3069 S.
419 3036 440 3068 c.
462 3022 501 3077 26,
524 3022 564 3071 73.
678 3023 726 3071 deu
743 3038 831 3072 scurra
849 3021 1059 3071 cbarakterisiren
1078 3022 1187 3071 undvon

109 3123 120 3138 Ι
158 3083 205 3142 34·
226 3092 378 3154 Apollodorus
397 3104 420 3136 u.
450 3092 541 3150 sullus,
569 3090 634 3138 zwei
676 3089 893 3140 Uchclwolleuden
917 3091 979 3139 auch
1004 3104 1042 3138 arn
1068 3089 1188 3140 Solinates
1288 3131 1297 3140 .

124 3163 194 3205 sonst
216 3156 284 3205 nicht
304 3156 428 3205 helianum
452 3155 631 3221 Philosopbeu:
676 3158 786 3219 getadelt
802 3158 905 3208 werden
922 3159 1041 3215 leonuten,

124 3224 187 3272 deun
212 3237 243 3271 au
266 3224 314 3272 den
339 3223 480 3289 Epikureer
502 3224 634 3290 Apollodo-
710 3229 750 3278 94.
772 3231 929 3279 lucubratione
943 3224 1188 3278 anicularum..Nicbl

123 3307 179 3348 rus,
207 3290 254 3339 der
271 3293 332 3339 uach
351 3291 422 3355 Diog.
443 3293 473 3342 L.
493 3291 526 3350 X,
550 3294 632 3343 lund
675 3293 729 3344 blos
748 3294 864 3352 Studien,
896 3294 1003 3344 sonderu
1022 3296 1084 3343 auch
1103 3295 1188 3344 Hand-

123 3361 155 3410 25
178 3356 266 3407 Zeno's
289 3357 386 3409 Lehrer
407 3376 477 3419 war,
508 3361 542 3410 ist
565 3361 632 3410 wohl
675 3361 788 3412 arbeiton
806 3361 1022 3413 dcheihcrbei
1035 3362 1187 3412 Lichlbeis-

122 3427 196 3475 haum
225 3442 257 3474 zu
287 3426 391 3476 dcuken.
428 3429 497 3478 Eher
524 3444 554 3478 au
583 3430 631 3478 den
663 3417 718 3479 'sen
737 3435 922 3483 lucubrationes:
947 3430 988 3480 hei
1007 3429 1094 3479 Livius
1112 3429 1131 3486 l,
1153 3433 1184 3479 57
1267 3466 1268 3470 ,

123 3493 231 3552 Stoiker,
252 3494 342 3542 dessen
351 3493 469 3556 Diogflh.
485 3496 539 3554 Vll,
553 3499 584 3548 39
592 3513 631 3546 er·
674 3498 751 3547 findet
775 3497 801 3547 S.
827 3497 978 3562 Tarquinius
1002 3498 1043 3547 die
1066 3496 1186 3546 Lucretia

120 3563 219 3618 wdbut‚
250 3577 291 3612 wo
316 3576 372 3609 man
390 3565 451 3612 auch
470 3567 517 3614 deu
535 3566 630 3614 andern
675 3569 732 3616 inter
749 3570 894 3618 lucubrantes
909 3571 1006 3618 oneiltus
1024 3565 1130 3615 sitzend.
1152 3593 1184 3600 -
1291 3582 1294 3589 ·

120 3627 217 3679 Nomen
234 3633 312 3693 Syllus
337 3630 398 3677 uach
418 3629 551 3682 Coniectur
574 3634 630 3683 ber·
674 3633 746 3683 Cotta
764 3641 821 3695 sagt
844 3633 911 3691 also,
941 3633 1050 3710 Eqiliurs
1074 3631 1183 3680 Einlnlle
1227 3628 1230 3634 ’

121 3696 221 3760 gestellt
239 3697 289 3746 bat.
641 3746 644 3752 ,
672 3701 735 3751 iiber
762 3701 802 3750 die
827 3700 917 3764 Gottcr
940 3716 1008 3755 seren
1037 3700 1112 3747 haum
1142 3699 1185 3749 fiir

154 3770 234 3817 Lotiuo
252 3770 318 3817 uerbo
342 3774 415 3820 utens.
450 3764 501 3814 Dus
524 3767 558 3816 ist
584 3783 631 3829 gar
673 3769 839 3835 Spinnstuben
857 3768 923 3818 alter
940 3765 1049 3818 Weiher
1073 3774 1117 3828 gut
1141 3781 1184 3829 gc-

120 3833 188 3883 uicht
214 3832 383 3894 unglauhlich,
414 3833 446 3881 da
475 3833 556 3896 einige
583 3835 630 3886 Be·
672 3852 727 3899 nug.

119 3900 278 3951 kanntsoball
307 3901 359 3968 >mit
383 3901 429 3950 der
455 3900 629 3953 Latoiuischen
705 3910 761 3956 deus
778 3913 804 3955 ul
821 3930 854 3940 -
872 3907 902 3954 sit
926 3919 946 3952 s.
974 3917 998 3951 v.
1019 3901 1055 3951 als
1083 3912 1108 3954 ut
1132 3922 1183 3956 esse

119 3966 230 4034 Sprucbe
247 3969 288 4019 hei
302 3969 380 4033 jenen
394 3967 565 4034 Philosophen,
586 3971 629 4022 dc-
670 3982 791 4025 rtotuotur.
828 3969 854 4020 S.
874 3986 906 4020 zu
923 3972 946 4030 9,
968 3972 1008 4022 21.
1030 3972 1070 4031 27,
1092 3973 1132 4023 75.
