2640 4418
448 331 510 383 Lm.
530 330 561 381 ll.
582 329 653 382 GAP.
674 331 716 382 27.
736 331 778 382 28.
798 331 839 382 29.
920 361 924 367 -
1066 315 1170 378 ’137
1278 326 1283 332 ’

106 496 192 568 perte
214 486 419 560 defenderent,
440 486 614 558 sedetiam,
638 493 670 546 nt
691 503 758 546 eum
779 483 903 557 Titanis,
926 493 959 546 ut
980 503 1047 550 cum
1063 485 1171 562 Gigan-

109 573 200 645 tibus,
222 571 419 650 snapropria
440 571 519 633 bella
539 575 708 649 gesserunt.
741 569 822 630 Haec
843 575 875 628 et
894 568 1034 641 dicuntur
1055 577 1085 630 et
1106 588 1171 630 cre·

109 657 220 718 duntur
241 655 431 730 stultissime,
462 666 491 717 et
511 656 599 735 plena
622 662 692 717 sunt
713 652 862 715 futilitatis
884 672 1076 733 summaeque
1097 653 1173 716 leri-

108 742 190 802 tatis.
220 740 280 804 Sed
301 747 410 812 umen,
432 741 480 802 his
494 740 604 803 fabulis
626 739 736 818 spretis
758 755 793 799 ac
814 739 988 818 repudiatis,
1011 738 1085 801 deus
1100 751 1212 818 per-,71

108 825 208 887 tineus
229 843 286 905 per
306 833 441 887 naturam
465 825 609 904 cuiusque
631 825 684 897 rei,
706 841 761 903 per
784 833 877 884 terras
900 824 1005 897 Ceres,
1033 842 1088 904 per
1109 842 1171 886 ma·

107 911 151 971 ria
173 911 344 991 Neptunus,
375 910 425 970 alii
447 929 502 988 per
524 909 596 981 alia,
619 916 759 988 poterunt
780 905 906 986 intelligi
936 909 986 988 qui
1009 908 1171 988 qualesque

110 996 180 1066 sint,
204 1013 322 1074 quoqne
345 1013 398 1055 eos
421 994 542 1055 nomine
565 993 749 1055 consuetudo
772 994 995 1072 nuncupaverit,
1018 994 1075 1054 hos
1098 994 1172 1056 deos

105 1088 137 1140 et
164 1079 299 1140 venerari
328 1087 357 1141 et
385 1078 497 1140 colera
513 1078 666 1140 debemus.
705 1077 817 1139 ¹ilttltus
848 1083 945 1138 autem
974 1077 1096 1140 deorum
1126 1087 1173 1140 est

106 1165 237 1244 optimus
259 1163 400 1242 idemque
421 1163 608 1225 castissimus
630 1172 719 1242 atque
740 1160 948 1230 sanctissimus
962 1161 1172 1242 plenissimus·

106 1268 164 1328 que
185 1248 317 1329 pietatis,
339 1256 373 1310 ut
387 1265 440 1310 eos
455 1267 574 1328 semper
588 1266 672 1327 pura,
693 1246 818 1324 integra,
840 1247 1010 1326 incorrupta
1027 1256 1057 1307 et
1071 1255 1171 1309 mente

106 1345 138 1396 et
159 1353 232 1396 voce
247 1350 431 1395 veneremur.
458 1333 524 1393 Non
546 1333 624 1394 enim
640 1331 813 1411 philosophi
836 1330 943 1404 solum,
966 1332 1171 1393 verumetiam

106 1420 237 1479 maiores
259 1417 355 1478 nostri
378 1414 622 1497 superstitionem
644 1436 661 1478 a
684 1417 828 1493 religione
851 1424 1070 1494 separaverunt.
1096 1417 1170 1479 Nam
1184 1427 1214 1477 72

108 1503 159 1580 qni
184 1511 262 1562 totos
279 1501 351 1565 ‚dies
371 1501 571 1581 precabantur
592 1509 622 1562 et
644 1501 853 1582 immolabant,
881 1508 913 1561 nt
935 1499 980 1561 sui
1003 1500 1061 1563 sihi
1083 1500 1171 1562 liberi

108 1584 286 1665 superstites
308 1597 424 1660 essent,
453 1584 656 1664 superstitiosi
685 1593 754 1646 sunt
776 1585 932 1666 appellati:
962 1586 1040 1665 quod
1062 1605 1171 1647 nomen

107 1671 204 1750 patuit
213 1677 322 1749 ¹postea
344 1669 444 1731 latius.
477 1670 535 1743 Qui
556 1679 655 1731 autem
678 1670 786 1744 omnio,
810 1690 885 1750 quae
908 1670 945 1731 ed
967 1671 1078 1732 cultum
1100 1672 1172 1732 deo·
1253 1705 1257 1716 ·

106 1775 171 1816 rum
199 1754 399 1834 pertinerent,
431 1755 589 1832 diligenter
617 1763 813 1816 retractarent
834 1763 864 1816 et
885 1761 1034 1834 tamquam
1057 1756 1172 1834 relege-

106 1849 187 1913 rent,
217 1847 287 1901 sunt
314 1839 386 1912 dicti
409 1839 543 1917 religiosi
566 1838 798 1918 enrolependo,
829 1847 859 1900 ut
888 1839 1037 1916 elegantes
1060 1858 1096 1900 ex
1118 1840 1170 1901 eli·
1238 1837 1241 1847 ⁴

104 1925 209 2004 qando,
233 1925 364 2004 itemque
388 1943 423 1984 ex
445 1924 592 2002 dilr'qendo
616 1922 790 2000 diligentes,
814 1942 849 1982 ex
870 1923 1060 2008 intelliqendo
1082 1924 1171 1984 intel-

104 2009 242 2089 ligentes.
284 2008 347 2070 His
362 2009 442 2070 enim
463 2009 494 2068 in
516 2007 615 2083 verbis
638 2006 776 2068 omnibus
804 2006 883 2069 inest
903 2007 949 2068 ris
980 2007 1098 2085 legendi
1118 2027 1172 2070 ea·

105 2094 171 2175 dem
202 2111 279 2173 qnae
308 2093 339 2154 in
366 2093 520 2171 religioso.
563 2093 606 2155 lta
634 2093 744 2154 laetum
773 2099 820 2152 est
846 2092 877 2153 iu
907 2091 1119 2172 superstitioso
1142 2101 1172 2154 et

105 2179 247 2256 religioso
267 2178 401 2240 ‘alterum
422 2178 487 2239 vitii
514 2197 642 2252 nomeu,
666 2177 790 2238 alterum
818 2175 926 2238 laudis.
957 2181 1011 2250 ,Ac
1032 2176 1105 2236 mihi
1128 2178 1171 2239 vi·
1206 2212 1208 2221 ι

78 2256 81 2267 ’
108 2264 182 2324 deor
204 2262 287 2336 satis,
309 2272 339 2324 et
361 2264 518 2336 essedeos
541 2271 571 2324 et
585 2263 688 2342 quales
704 2272 815 2335 essent,
839 2261 1017 2331 ostendisse.
1031 2296 1069 2305 -
1092 2261 1166 2322 Pro·
1181 2259 1226 2332 29

104 2348 216 2407 ximum
245 2355 292 2407 est
320 2357 354 2408 ut
374 2347 499 2408 doceam
524 2347 646 2408 deorum
669 2345 853 2426 providentia
876 2348 1018 2407 mnndum
1041 2345 1167 2406 admini-
1182 2358 1212 2407 '13

106 2430 205 2492 strari.
248 2431 371 2509 Magnus
402 2449 474 2492 sane
503 2431 588 2491 loeus
611 2438 641 2491 et
662 2448 678 2490 a
699 2429 822 2504 vestris,
846 2430 945 2504 Cotta,
968 2438 1105 2502 vexatus3
1135 2449 1170 2492 ae

105 2515 246 2576 nimirum
275 2514 429 2577 vobiscum
444 2533 545 2576 omne
569 2523 718 2576 certamen
741 2522 796 2576 est.
840 2514 913 2577 Nem
936 2515 1036 2586 vohis,
1066 2514 1169 2589 Vellei,

86 2601 203 2662 ,minus
233 2609 336 2663 notum
364 2609 425 2672 est,
460 2600 709 2680 quemadmodum,
739 2599 869 2680 quidque
898 2599 1024 2661 dicatur.
1066 2600 1170 2663 Vestra

104 2686 183 2746 enirn
206 2685 303 2748 solnm
324 2684 438 2764 legitis,
466 2694 565 2746 restra
587 2684 708 2756 ematis,
738 2693 855 2746 eeteros
885 2702 989 2746 caussa
1018 2685 1170 2762 incognite

139 2837 188 2871 cum
207 2822 293 2871 Titanis
312 2819 352 2868 tm
365 2822 490 2871 Titanidos.
525 2817 616 2868 Dieser
657 2816 805 2877 Meinungen
823 2817 869 2866 mit
876 2817 1017 2866 dusnelme
1034 2815 1080 2868 der'
1091 2819 1167 2868 einen

103 2885 280 2950 Metaplesmus
298 2885 375 2934 findet
397 2886 450 2934 sicli
468 2885 614 2935 nementliclr
656 2901 705 2935 von
721 2884 744 2934 J.
764 2884 864 2942 Grimm,
885 2884 1008 2934 Deumelre
1024 2883 1127 2951 Mythol.
1146 2885 1168 2935 ll

103 2954 128 3001 in
154 2953 202 3001 den
228 2953 361 3014 Auszdgen
388 2966 432 3000 nus
455 2951 550 3002 Ennius
573 2952 636 3002 hei·
659 2952 684 3002 S.
700 2954 779 3003 1059:
802 2957 963 3017 ..superstitio
983 2966 1029 3001 eus
1042 2963 1165 3018 superstes,

104 3020 220 3070 Lectent.
240 3019 283 3069 lib.
303 3018 321 3077 l,
351 3018 462 3081 ohgleielr
481 3020 514 3068 im
530 3017 615 3069 Nomi-
655 3018 803 3068 bezeichnet
828 3018 868 3067 ein
892 3017 917 3067 in
946 3018 1074 3068 einzelnen
1099 3019 1168 3070 Men-

105 3089 173 3138 nntiv
192 3102 240 3138 nur
259 3091 325 3140 Titne
340 3087 487 3136 vorlrommt.
521 3119 523 3123 ψ
657 3087 732 3136 selden
769 3085 1063 3142 lortbestelnendes
1092 3088 1168 3139 Ver·

139 3159 180 3206 71.
202 3161 388 3208 Sedtamon—.
415 3153 614 3216 llhqleielrdiese
657 3155 775 3204 horren
791 3154 834 3204 bei
850 3154 991 3211 dnsiehten,
1012 3155 1108 3206 welche
1127 3157 1166 3206 die
1196 3168 1201 3180 s

103 3223 197 3272 lleheln
215 3223 405 3286 eligesehmaekt
423 3222 492 3281 sind,
514 3238 541 3272 so
560 3222 615 3272 sind
657 3221 785 3272 lllelirzehl
810 3223 856 3273 der
872 3222 1054 3286 Verstdndigen
1080 3225 1168 3274 leiren

104 3292 175 3352 doch,
187 3306 261 3341 wenn
271 3307 328 3342 man
337 3293 373 3342 sie
383 3290 515 3357 verwirlt,¹
527 3291 614 3340 dorum
657 3290 752 3341 laisst‘·

105 3359 173 3408 nicht
199 3360 260 3408 euch
286 3359 326 3409 die
348 3358 512 3422 Volllsgdlter
537 3358 616 3408 selhst
658 3385 667 3396 ν
689 3363 794 3424 relipr'ori
812 3379 826 3411 a
844 3363 970 3423 releqendo.
1005 3359 1030 3410 S.
1051 3375 1081 3408 zu
1099 3358 1118 3417 l,
1140 3361 1163 3416 2,

102 3443 135 3476 zu
152 3426 308 3485 verwersen,
337 3428 443 3477 sondern
467 3441 528 3477 marn
547 3441 635 3476 muss·
657 3427 681 3478 3.
706 3424 814 3476 Dervon
832 3425 1167 3488 Gelliustv‚eangemmte

104 3494 141 3543 sie
160 3494 212 3543 sicli
231 3510 278 3544 nur
296 3495 342 3551 arri
357 3495 614 3545 diereclrtedrtvor-
656 3493 736 3544 Vers:
757 3498 984 3560 relipeatemoportat
995 3513 1052 3556 esse,
1072 3498 1167 3557 reliqe'o-

103 3560 201 3611 stellen.
514 3585 517 3594 1
656 3580 706 3614 sitm
722 3568 796 3627 nesae,
817 3561 878 3613 dard
892 3561 958 3611 nicht
975 3561 1167 3611 elsheweisend

138 3631 179 3680 72.
205 3634 366 3696 superstitiosi.
407 3629 472 3680 liass
496 3628 521 3679 di
561 3628 616 3691 hier
658 3630 699 3678 ffir
716 3626 818 3679 die'von
833 3627 1168 3692 ciergebilligredbletrung
1217 3624 1224 3635 “
1278 3635 1280 3647 ’

104 3705 286 3760 vorgetrogene
303 3696 439 3761 Ahleitung
455 3698 499 3749 des
546 3705 614 3747 ortes
657 3697 781 3760 angeselm
798 3694 914 3753 werden,
944 3697 977 3746 do
992 3701 1091 3762 relipens
1108 3697 1166 3746 lein

105 3766 241 3828 minine
259 3765 403 3827 Benehtung
418 3765 551 3822 ver-diene,
582 3765 615 3814 ist
657 3763 869 3830 spreclnihliclres.
908 3764 1016 3814 sunder-o
1045 3764 1084 3814 ein
1120 3779 1168 3814 uur

76 3876 78 3880 .
104 3833 175 3884 lrler:
196 3833 259 3884 eber
274 3831 451 3896 'ehensowenig
469 3833 615 3883 benemens-
657 3833 720 3882 eben
734 3834 810 3896 jener
826 3831 960 3894 Ableitung
976 3848 1007 3881 zu
1022 3830 1101 3882 Lielre
1117 3846 1166 3881 von

103 3903 186 3952 worth
210 3901 265 3951 sind
289 3898 338 3951 elle
362 3902 455 3959 qndern
472 3916 520 3950 von
540 3901 614 3951 Alteri
658 3900 713 3951 dem
760 3899 862 3951 liiclrter
901 3899 980 3950 selhst
1024 3901 1166 3964 gemachtes

105 3969 281 4025 u'ndNeueren
300 3968 614 4032 dardbervorgelrrnelrten
656 3967 737 4020 Wort
753 3969 795 4019 ist.
