2640 4418
102 345 106 353 ,
156 272 215 336 128
300 269 350 359 ᾗ
512 284 556 334 nu
574 282 709 335 urruns
727 282 874 334 nuonuu.

154 438 284 499 lustrans
307 435 444 514 signiferi
467 435 560 496 *orbis
584 443 614 496 et
634 433 867 513 longitudinem:
902 433 981 512 quod
1009 433 1088 495 idem
1112 433 1227 497 iaciunt

153 520 258 582 stellae
281 520 473 601 superiores:
498 538 595 598 neque
616 537 756 598 umquam
779 518 816 579 ab
834 518 899 578 sole
921 519 1047 580 duorum
1071 520 1226 597 signomm

97 614 111 638 '·
153 605 308 666 intervallo
341 605 460 682 longius
493 603 622 664 discedit
654 613 716 665 tum
739 603 929 664 antecedens
944 612 1005 664 tum
1027 602 1226 682 subsequens.

100 686 243 772 2llllanc
265 688 356 767 igitur
377 688 409 748 iu
432 687 528 750 stellis
551 687 763 761 constantiam,
797 688 874 748 banc
906 696 1018 748 tautam
1051 695 1112 748 tam
1134 688 1227 749 variis

113 784 144 836 54
159 773 296 835 cursibus
328 772 360 834 iu
393 771 474 833 omni
508 771 683 832 aeternitate
712 770 951 833 convenientiam
974 779 1144 850 temporum
1166 790 1228 834 non

154 876 316 937 possumus
350 856 516 933 intelligere
549 855 615 916 sine
648 838 758 928 mente}
795 856 921 927 ratione,
960 855 1098 917 consilio.
1143 857 1228 929 Quae

131 960 245 1021 'quum
268 941 300 1002 in
323 939 473 1002 sideribus
507 940 608 1002 inesse
630 939 793 1010 rideamus,
827 957 887 1000 non
919 957 1081 1018 possumus
1104 959 1138 1002 ea
1161 941 1228 1020 ipsa

156 1045 216 1087 non
239 1026 270 1085 in
292 1026 416 1089 deorum
429 1042 553 1086 numero
572 1042 729 1102 reponere.
771 1022 834 1082 Nec
854 1040 925 1083 vero
948 1023 1126 1098 stellaeeae‚
1149 1044 1226 1103 quae

157 1111 323 1171 inerrantes
355 1118 513 1181 vocantur,
548 1128 607 1169 non
631 1107 802 1186 significant
833 1107 958 1167 eandem
986 1118 1116 1170 mentem
1138 1117 1228 1187 atque
1255 1139 1266 1145 r

157 1193 360 1274 prudentiam,
398 1212 521 1272 quarum
554 1204 600 1254 est
623 1191 794 1271 quotidiana
818 1191 1000 1252 conveniens
1023 1200 1227 1271 constansque
1307 1258 1311 1262 ,

158 1279 323 1351 conversio,
346 1296 403 1341 nec
424 1277 537 1338 babent
558 1277 713 1338 aethereos
728 1273 833 1336 cursub
852 1275 1046 1354 nequecaelo
1068 1277 1227 1338 inhaereri·
1266 1290 1270 1297 “

157 1370 212 1436 tes,
246 1371 279 1423 ut
312 1361 448 1441 plerique
482 1361 586 1433 dicunt
606 1359 759 1438 physicae
787 1359 915 1420 rationis
943 1360 1064 1438 ignaris
1091 1360 1156 1421 Non
1180 1368 1228 1422 est

158 1445 237 1520 enim
259 1445 390 1508 aetheris
412 1464 446 1505 ea
470 1455 591 1518 natura,
624 1443 706 1504 utri
730 1462 783 1504 sua
805 1444 907 1504 stellas
930 1443 1084 1524 complexa
1108 1452 1227 1506 conter-

158 1537 254 1609 queat.
298 1530 371 1590 Nam
393 1528 492 1590 tenuis
515 1547 549 1589 ac
570 1528 729 1607 perlucens
753 1539 783 1588 et
804 1526 952 1607 aequabili
974 1529 1073 1589 calore
1095 1530 1227 1590 suffusus

115 1625 145 1675 55
160 1614 263 1675 aether
284 1632 344 1674 non
358 1612 445 1689 statis
459 1620 545 1692 aptus
569 1612 605 1672 ad
628 1611 729 1674 stellas
743 1612 941 1673 continendas
953 1612 1080 1675 videtur.
1111 1613 1229 1674 Habent

133 1690 249 1776 ‘igitur
270 1715 355 1757 suam
377 1696 534 1775 sphaeram
558 1697 661 1757 stellae
683 1697 860 1770 inerrantes,
884 1697 920 1756 ab
942 1697 1080 1778 aetherea
1103 1698 1229 1758 coniun-

160 1781 258 1843 ctione
281 1791 426 1842 secretam
461 1790 491 1842 et
512 1781 645 1842 liberam.
689 1781 797 1841 Earum
821 1789 917 1841 antem
941 1798 1100 1860 peremnes
1121 1799 1228 1842 cursus

160 1874 255 1945 atque·
271 1865 408 1945 perpetui
438 1883 505 1926 cum
528 1864 697 1926 admirabili
728 1864 959 1943 incredibilique
987 1865 1154 1926 constantia
1178 1865 1229 1924 de·
1268 1944 1270 1949 A

159 1952 273 2011 clarent
305 1949 335 2009 in
368 1950 417 2010 his
439 1950 497 2010 vim
531 1957 560 2010 et
581 1957 711 2009 mentem
735 1966 803 2009 esse
826 1948 971 2031 divinam:
1004 1957 1046 2023 ut,
1068 1950 1142 2011 baec
1164 1948 1230 2027 ipsa

161 2034 211 2114 qui
233 2052 294 2094 non
316 2034 426 2094 sentiat
447 2033 570 2094 deorum
592 2032 652 2093 vim
675 2033 795 2103 babere,
829 2032 856 2094 ie
880 2033 953 2093 nibil
978 2033 1100 2093 omuino
1123 2051 1229 2094 sensu·

117 2129 147 2179 56
161 2137 212 2179 rus
235 2136 303 2179 esse
324 2118 468 2178 videatur.
511 2117 596 2178 Nulla
620 2117 709 2194 igitur
730 2116 761 2176 in
785 2117 867 2177 caelo
890 2135 946 2178 nec
968 2117 1085 2178 lortuna
1107 2135 1163 2177 nec
1186 2128 1229 2177 te·

159 2202 281 2263 meritas
303 2219 358 2261 nec
372 2201 490 2274 erratio
514 2220 569 2261 nee
590 2199 703 2262 vanitas
726 2199 815 2276 inest,
838 2211 1001 2283 contraque
1023 2201 1120 2262 omnis
1143 2199 1227 2274 ordo,

97 2317 100 2322 ·
159 2280 388 2359 reinerum,
426 2285 605 2346 constantia.
651 2286 794 2364 Quaeque
827 2285 1012 2359 hieracam,
1036 2285 1176 2346 ementita
1200 2293 1230 2345 et

160 2370 234 2431 falsa
257 2370 403 2448 plenaque
426 2370 549 2442 erroris,
573 2387 607 2429 ea
642 2369 754 2429 circum
777 2376 872 2430 terres
905 2369 983 2431 infra
1004 2369 1120 2444 lunam,
1154 2388 1229 2448 quae

161 2454 292 2514 omnium
315 2455 417 2515 ultima
440 2462 501 2535 est,
518 2454 550 2514 in
572 2452 721 2532 terrisque
749 2463 913 2522 versantur,
959 2454 1138 2516 caelestium
1155 2471 1231 2531 ergo

162 2536 366 2598 admirabilem
401 2538 537 2598 ordinem
572 2536 838 2616 incredibilemque
871 2537 1079 2608 constentiam,
1115 2556 1148 2597 ex
1173 2555 1231 2616 qua

161 2621 349 2682 conservatio
372 2630 402 2681 et
424 2622 505 2682 salus
528 2620 660 2682 omnium
684 2621 782 2682 omnis
805 2619 908 2691 oritur,
932 2621 982 2699 qui
1004 2639 1109 2684 vacare
1133 2631 1232 2688 mente

118 2713 255 2785 diputat,
286 2705 313 2765 is
336 2705 402 2784 ipse
424 2706 532 2766 mentis
570 2724 677 2784 expers
699 2705 854 2766 habendus
877 2712 931 2795 est
976 2704 1061 2767 Haud
1085 2723 1166 2784 ergo,
1199 2713 1233 2767 ut

163 2890 237 2946 eben,
264 2887 403 2940 bulddern
422 2897 510 2939 nutem
538 2889 602 2940 oder
619 2890 677 2940 sdd-
719 2887 760 2938 die
779 2887 913 2939 llixsterne
932 2887 1007 2952 lolgt‚
1038 2889 1078 2940 die
1101 2888 1157 2940 bier
1183 2905 1232 2940 von

162 2956 243 3005 lichen
261 2957 349 3005 Raude
368 2956 498 3007 desselben
516 2960 618 3007 nibem.
720 2954 775 3005 dem
793 2955 1056 3023 Stoilreruerworleu
1073 2957 1147 3008 wird.

198 3019 243 3078 21.
269 3026 310 3074 54.
337 3043 383 3074 non
403 3037 503 3089 possum
533 3030 672 3091 intelliqere:
753 3025 969 3077 senectaeque:
991 3022 1109 3084 „keiue
1128 3023 1234 3072 Unzu-

132 3088 226 3147 ,‚‚icb
250 3090 315 3138 kann
340 3090 376 3163 sie
395 3091 443 3140 mir
460 3091 527 3141 nieht
544 3093 675 3142 denkeu.‘¹
718 3090 998 3154 verlbssiglreit.‘⁴
1044 3091 1086 3141 Sie
1112 3092 1232 3141 taiuscbeu

164 3155 221 3218 Vgl.
243 3155 283 3213 111,
307 3160 345 3214 lb,
367 3159 407 3208 38.
454 3158 519 3209 Dass
537 3165 587 3212 eine
604 3169 677 3213 mente
719 3157 823 3209 niemals
849 3159 890 3209 die
919 3158 1096 3222 ltereebnuug‚
1127 3157 1177 3208 wie
1206 3174 1233 3208 es

165 3231 214 3273 etc.
235 3223 303 3272 nicht
320 3240 351 3272 zu
368 3229 495 3290 intelliqere
522 3225 558 3284 els
588 3228 678 3277 adrer-
719 3225 783 3276 eben
801 3240 822 3275 c.
838 3226 907 3283 5,15
926 3225 1008 3276 biess:
1029 3231 1054 3279 ie
1072 3231 1155 3294 quibos
1172 3243 1233 3278 ouo·
1268 3260 1274 3266 -

164 3289 231 3346 biale
259 3291 439 3353 Bestirnmuug‚
478 3294 595 3345 souderm
621 3309 678 3344 zum
720 3312 788 3361 quom
804 3298 915 3346 immenso
927 3303 948 3346 et
961 3298 1052 3360 infinita
1063 3303 1234 3346 vetustosmea-

166 3357 257 3423 Object
281 3360 387 3420 gehdm,
417 3359 511 3411 bedorf
534 3363 608 3411 laum
632 3362 678 3412 der
720 3365 762 3414 tite
780 3366 819 3413 sit.
846 3394 851 3398 -

165 3426 333 3488 Eriunerung.
650 3488 653 3493 r
754 3433 828 3481 omnir
863 3432 936 3482 ordo:
977 3427 1116 3487 „lenter
1151 3425 1233 3476 nrt-

200 3498 390 3548 corsus-eaelo
409 3499 560 3549 inhaerentes.
586 3495 678 3558 Streng
720 3501 841 3560 nung‚“
868 3495 919 3546 wie
945 3510 967 3546 e.
989 3497 1021 3547 22
1044 3502 1127 3546 eum:
1160 3497 1233 3547 omnir

166 3575 309 3623 genommeu
338 3562 430 3611 kdnute
458 3578 514 3613 man
541 3563 595 3614 dies
622 3563 677 3614 eine
719 3573 822 3616 orentes.

166 3628 330 3690 contradictio
343 3629 367 3678 in
376 3629 596 3686 adiecto'ueunen;
615 3630 676 3681 decb
754 3632 796 3682 57.
824 3626 893 3682 lloud
920 3647 973 3695 erqo
1000 3632 1041 3682 ete'.
1077 3627 1118 3679 leb
1145 3627 1233 3679 werde

165 3695 260 3758 spricbt
278 3696 329 3746 Cic.
350 3696 446 3747 dbnlicb
466 3697 549 3748 Somu.
571 3696 636 3770 Scip.
653 3713 686 3767 ⁰⁸!
721 3697 789 3747 nicht
811 3696 907 3756 leblen·‚
941 3712 1015 3747 wenu
1039 3696 1092 3755 ich,
1125 3697 1235 3759 gestitat

166 3761 189 3818 4,
213 3765 257 3812 tr:
279 3770 379 3816 erbir—
392 3770 417 3816 in
434 3784 478 3831 quo
496 3769 564 3830 inflet
581 3773 677 3816 ecnt-
721 3764 770 3814 eut
792 3763 875 3815 solcbe
902 3762 1160 3827 Webrnebmuugen‚
1191 3761 1237 3813 mit

165 3833 283 3883 stellarem
306 3849 386 3883 curros
409 3836 553 3897 sempiterni:
581 3846 623 3881 wo
650 3845 679 3880 er
721 3831 861 3893 folgenden
880 3831 940 3882 Sata
963 3831 1008 3881 des
1025 3830 1094 3882 Zeno
1113 3831 1153 3880 die
1170 3831 1268 3881 Διων-

166 3892 284 3960 tingens
310 3897 442 3948 derselbeu
468 3897 588 3961 Meinung
615 3897 678 3949 fiber
720 3898 948 3967 einandersctzung
971 3898 1035 3950 uber
1058 3899 1099 3950 die
1117 3896 1237 3948 besebal·
