2640 4418
58 873 88 924 48

57 1378 88 1428 49

43 1449 87 1518 19

100 278 141 341 58
384 340 388 358 ,
460 290 503 340 nu
521 288 658 341 nurum
674 287 821 341 uuonun.

100 451 280 516 mentorum,
315 460 392 520 quae
413 443 517 519 figura,
553 460 630 522 quae
664 442 783 523 species
805 436 935 502 humant
967 449 1070 521 potest
1102 460 1173 504 esse

99 523 279 608 pulchrior?
312 527 371 587 Vos
387 528 531 606 quidem,
564 528 670 602 Lucili,
706 526 826 601 soletis,
860 529 942 599 (nam
965 526 1050 588 Cotta
1085 544 1172 589 meus

0 659 4 681 ,
85 611 191 673 ‘modo
213 612 272 672 hoc
295 611 383 672 modo
407 611 502 688 illud‚)
538 631 628 690 quum
654 611 812 672 artificium
837 608 979 700 effingitis
1013 609 1172 671 sabncam-

101 715 160 775 que
181 694 322 768 divinam,
346 714 433 774 quam
457 695 518 756 sint
539 696 638 757 omnia
662 696 692 757 in
719 693 852 756 hominis
881 695 975 772 figura
997 712 1060 755 nou
1079 695 1171 756 modo

101 780 137 840 ad
171 797 275 853 usum,
319 799 420 841 vorum
454 781 543 841 eliam
576 780 612 841 ad
646 786 830 841 venustatem
864 786 950 857 apta,
988 779 1172 841 describere.

104 863 220 936 Quodsi
249 865 381 926 omnium
411 866 605 926 animantium
635 866 761 925 sormam
788 863 879 924 vincit
906 862 1038 924 hominis
1068 864 1171 941 ligura,

102 948 175 1009 deus
197 957 296 1009 autem
318 951 454 1009 animans
478 957 539 1010 esl:
573 968 607 1010 ea
634 948 728 1026 figura
751 949 887 1026 profecto
911 955 971 1018 est,
1001 965 1076 1026 quae
1105 947 1172 1032 pul·
1277 983 1280 990 ·

102 1032 249 1093 cherrima
272 1041 317 1117 est
345 1033 494 1108 omnium3
529 1033 730 1112 quoniamque
767 1033 840 1092 deos
872 1030 1172 1113 beatissimoS,essc

38 1156 40 1162 ,
101 1127 228 1190 constat,
251 1117 355 1190 heatus
378 1128 475 1179 autem
492 1136 560 1179 esse
578 1117 644 1179 sine
659 1117 767 1177 virtute
790 1134 877 1176 nemo
900 1123 1010 1194 potest,
1033 1132 1090 1176 nec
1110 1115 1172 1176 vir·
1252 1138 1260 1150 ·

100 1208 148 1261 tus
171 1200 236 1262 sine
258 1201 374 1279 ratione
403 1215 557 1276 constare,
581 1220 636 1262 nec
664 1200 741 1262 ralio
764 1218 892 1279 usquam
913 1199 1015 1260 inesse
1047 1199 1107 1260 nisi
1138 1199 1173 1260 in

99 1284 231 1346 hominis
251 1286 362 1364 figura:
395 1287 527 1347 hominis
561 1304 630 1347 esse
663 1283 764 1363 specie
792 1285 866 1345 deos
889 1282 1091 1344 confitendum
1114 1291 1170 1344 est.

101 1368 164 1432 Nec
181 1379 283 1431 tamen
307 1390 342 1431 ea
365 1371 483 1449 species
506 1388 616 1448 corpus
639 1377 693 1442 est,
718 1368 770 1430 scd
790 1367 875 1448 quasi
898 1386 1017 1446 corpus,
1040 1386 1097 1429 nec
1118 1367 1172 1428 ha·
1204 1377 1210 1385 '

102 1453 154 1514 het
175 1454 365 1532 sanguinem,
399 1454 452 1515 sed
481 1454 567 1534 quasi
594 1453 781 1532 sanguinem.
824 1453 907 1525 Haec
934 1469 1113 1531 quamquam
1142 1459 1174 1513 et

101 1534 221 1598 inv'enta
244 1546 314 1599 sunt
342 1539 457 1600 acutius
479 1533 610 1600 et'dicta
632 1537 772 1599 subtilius
795 1537 832 1597 ab
853 1535 1000 1615 Epicuro,
1030 1553 1116 1614 quam
1138 1543 1175 1596 ut

102 1621 198 1700 quiris
221 1640 255 1682 ea
278 1623 375 1700 possit
402 1640 582 1699 agnoscere:
611 1631 711 1683 tamen
741 1623 834 1682 fretus
856 1619 1053 1698 intelligentia
1073 1627 1174 1682 restra

101 1704 219 1766 dissero
253 1706 387 1781 brevius,
422 1726 509 1788 quam
542 1725 648 1768 caussa
681 1705 841 1766 desiderat.
883 1703 1033 1784 Epicurus
1062 1713 1185 1778 auteres

101 1789 151 1868 qui
174 1807 223 1849 res
248 1791 380 1853 occultas
403 1799 432 1852 et
452 1791 573 1873 penitus
595 1790 710 1852 abditas
733 1808 794 1850 non
817 1789 907 1850 modo
929 1788 1038 1850 viderit
1059 1786 1171 1860 animo,

102 1875 154 1934 sed
179 1873 266 1934 etiarn
301 1875 344 1936 sic
373 1884 478 1937 tractet
504 1885 537 1936 ut
564 1893 669 1949 manu,
698 1875 787 1935 docet
808 1892 873 1934 eam
896 1890 965 1934 esse
987 1873 1045 1933 vim
1067 1881 1098 1934 et
1118 1889 1171 1935 na-

100 1966 196 2018 turam
219 1959 353 2030 deorum,
385 1971 418 2020 ut
450 1959 579 2039 primurn
602 1978 661 2020 non
685 1976 792 2029 sensu,
826 1958 878 2020 sed
901 1965 1000 2035 mente
1023 1966 1173 2030 cernatur,

101 2059 158 2104 nec
187 2043 338 2104 soliditate
368 2045 493 2122 quadam
527 2061 586 2104 nec
611 2045 647 2103 ad
680 2061 851 2113 numerum,
885 2051 918 2101 ul
945 2058 979 2101 ca
1016 2058 1093 2120 quae
1121 2039 1172 2102 ille

136 2175 176 2211 cos
194 2162 300 2222 quidone,
321 2162 359 2222 h,
380 2162 460 2210 soletis
479 2187 525 2210 -.
555 2157 614 2207 Dies
657 2157 816 2219 werhzeuge‚
828 2154 1173 2207 dcheistselhstunmitncl-

103 2222 158 2274 thu't
175 2223 268 2273 Balbus
286 2225 348 2274 auch
366 2224 396 2282 ΙΙ,
419 2228 451 2276 54
469 2225 494 2274 ΙΙ.
657 2224 705 2274 har
717 2223 893 2282 afficirlwird‚
911 2223 945 2273 ist
957 2223 1002 2272 das
1014 2222 1092 2273 durch
1105 2229 1175 2290 qucsc'
1279 2236 1293 2309 Ἰ

137 2293 178 2343 49.
215 2297 268 2342 nost
286 2310 368 2358 cornua
387 2319 417 2329 -
435 2298 503 2359 quasi
521 2298 616 2357 sanqui—
658 2312 683 2346 oo
712 2311 749 2354 cs,
770 2297 837 2358 quasi
852 2296 947 2356 sanquis
964 2289 1134 2341 bezeichnen.

102 2377 161 2411 nem.
221 2359 315 2408 achil
334 2359 391 2409 ikur
416 2360 450 2409 isl
478 2359 539 2410 auch
571 2360 617 2410 der
646 2415 652 2422 ³
685 2311 740 2417 ΙΙΙ).
760 2376 896 2424 conoscere:
914 2356 1036 2408 alswahr
1049 2358 1173 2408 auerkeu⁴

104 2424 176 2475 Gcist
204 2375 332 2475 materied
363 2427 412 2476 und
440 2427 540 2477 besleht
565 2427 616 2477 wie
660 2442 715 2477 neu.

104 2492 152 2542 alle
171 2492 351 2556 andereDinge
369 2510 414 2543 aus
423 2496 536 2550 Alcmeo,
556 2495 617 2544 aher
690 2500 796 2560 pansum.
821 2490 1173 2557 Daseutsprecheudedeindc

19 2566 24 2575 ‘
103 2574 149 2609 aus
173 2561 278 2609 htomen
304 2576 352 2610 von
376 2577 440 2624 ganz
462 2562 617 2612 hescnderer
658 2560 904 2620 nacuvergessen:
920 2574 948 2609 es
961 2559 1052 2610 konnte
1065 2558 1172 2610 uherzu

102 2627 234 2695 retinen„
252 2628 324 2690 Diog.
345 2629 374 2678 L.
394 2628 428 2686 X,
450 2632 491 2680 63.
512 2632 553 2681 66.
572 2632 612 2681 67.
659 2628 771 2678 Anides
785 2625 1169 2694 naciscen§.vorqoomstohen‚

103 2693 205 2744 Lucret.
232 2694 272 2752 ΙΙΙ,
302 2698 349 2748 1Ι8
375 2695 398 2744 ΙΙ.
437 2697 476 2746 Da
500 2713 548 2746 uuu
573 2697 620 2746 auf
658 2711 699 2746 wo
719 2696 764 2745 das
783 2711 825 2760 que
843 2693 869 2742 iu
883 2693 930 2744 den
944 2694 1083 2744 Haudschr.
1099 2693 1170 2744 fehlt.

102 2760 257 2812 Materielles
276 2779 323 2812 nur
339 2763 493 2814 Materielles
516 2764 618 2814 einwir·
691 2781 737 2816 non
755 2780 825 2816 rensc
842 2766 883 2813 sed
899 2771 979 2813 mente.
1016 2761 1041 2812 S.
1062 2760 1126 2810 cheu
1139 2777 1172 2810 zu

101 2829 150 2879 keu
169 2829 247 2887 kann,
278 2846 306 2879 so
324 2846 392 2880 muss
410 2833 472 2881 auch
491 2832 616 2896 diejenige
659 2835 726 2896 quusi
754 2848 816 2895 corp.
840 2858 870 2866 -
899 2829 1029 2879 Hieruach·
1050 2827 1172 2878 iswanoh

102 2896 268 2960 Einnvirkung
286 2899 332 2947 aus
348 2899 481 2958 deuGeist‚
503 2900 527 2949 iu
539 2900 616 2962 Fulge
660 2897 704 2948 dus
723 2897 795 2960 ohigc
813 2900 912 2948 occurrit
929 2896 954 2962 ἕ.
975 2899 1008 2948 46
1031 2911 1063 2944 zu
1087 2896 1173 2946 lusson

101 2964 214 3014 welcher
232 2965 272 3014 die
283 2966 477 3029 Vorstellungeu
494 2982 542 3017 von
554 2966 615 3018 Got—
656 2981 705 3016 vou
723 2963 923 3025 Vorstclluugen.
945 2964 986 3013 die
1004 2979 1049 3012 uns
1067 2963 1101 3012 im
1118 2978 1173 3013 wa·

102 3039 159 3081 teru
183 3032 207 3080 iu
233 3033 281 3081 ihm
300 3034 443 3093 entstehen,
470 3051 519 3083 von
536 3042 615 3084 mate-
658 3035 720 3083 cheu
737 3031 863 3082 Zustaude
882 3030 994 3080 oderim
1012 3029 1105 3080 Troum
1124 3045 1172 3080 vor

103 3097 192 3148 riellcu
205 3097 303 3149 Wesen
319 3101 464 3179 heqrfihren
487 3102 511 3151 d.
531 3102 555 3151 h.
574 3102 614 3152 die
658 3101 698 3150 die
718 3099 791 3150 Seele
810 3105 901 3148 trcten.
940 3096 998 3159 Vgl.
1020 3096 1091 3146 Sext.
1112 3097 1172 3148 Em·

104 3164 194 3215 Gotter
210 3168 308 3216 miisscn
326 3169 449 3218 materiell
464 3170 525 3218 sein.
545 3170 616 3233 dher
657 3168 704 3234 pir.
726 3165 772 3224 IX,
794 3168 836 3218 25.

103 3233 157 3282 ihre
164 3233 329 3284 Materialitiit
342 3251 408 3286 musa
427 3236 488 3285 doch
507 3252 555 3285 von
572 3252 616 3285 au·
691 3253 732 3287 nec
750 3239 869 3286 soliditate
886 3235 1038 3298 quodametc.
1066 3231 1113 3281 Die
1125 3231 1171 3281 So·

104 3300 179 3350 derer
197 3302 246 3349 und
275 3303 386 3352 leinerer
403 3305 451 3353 Art
479 3304 546 3360 sein,
578 3303 614 3352 als
657 3301 741 3352 liditait
760 3302 805 3350 der
823 3301 923 3364 Ko'rper
945 3298 1035 3348 heruht
1055 3299 1106 3348 auf
1126 3298 1173 3350 dcr

103 3368 144 3417 die
165 3367 310 3432 derjenigcn
329 3371 417 3432 Dinge
437 3386 486 3419 vou
503 3370 616 3421 welcheu
659 3370 769 3419 lesteren
789 3369 838 3417 uud
862 3367 991 3416 dichtereu
1008 3366 1173 3430 Verhiuduug

104 3435 143 3485 die
172 3435 344 3502 hdrperlichen
374 3435 616 3501 Sinncswerkzedge
658 3440 790 3499 (concretio.
812 3451 833 3485 θ.
855 3428 895 3492 25,
917 3432 1029 3496 71.ng
1058 3436 1098 3492 27,
1129 3437 1171 3497 75)

48 3530 54 3538 =
103 3503 197 3554 afficirt
212 3504 330 3554 werden:
352 3506 416 3554 deun
427 3513 497 3555 coust
511 3505 616 3555 wurdeu
659 3505 705 3554 der
721 3505 818 3561 Atome,
840 3517 885 3553 aus
902 3502 1016 3551 welohcu
1034 3501 1071 3551 sic
1088 3501 1172 3551 heste-

102 3571 151 3620 wir
165 3573 196 3636 ju
213 3573 275 3621 auch
294 3572 334 3621 die
353 3572 443 3622 Gdltcr
459 3573 504 3622 mil
530 3572 616 3622 diesen
658 3572 720 3621 hen:
745 3572 824 3620 daher
841 3578 932 3620 naunte
950 3570 1047 3636 Epikur
1064 3568 1172 3631 dergici-

102 3639 278 3689 wahrnehmeu
289 3641 396 3697 nrdsseu
411 3655 466 3689 was
478 3639 615 3689 dochnioht
657 3640 720 3688 cheu
737 3638 836 3703 Korper
851 3635 1008 3756 unewanno,
1028 3637 1061 3686 im
1074 3635 1172 3698 Geson-

103 3705 149 3754 der
165 3707 221 3756 Full
238 3708 279 3756 ist.
318 3707 356 3758 cf.
378 3707 480 3756 Lucret.
501 3706 531 3764 V.
555 3709 611 3759 149.
657 3713 712 3756 satz
731 3721 810 3768 gegeu
828 3705 868 3754 die
892 3721 905 3756 ε
936 3704 1005 3762 ωλα,
1035 3705 1058 3754 d.
1085 3705 1109 3754 h.
1134 3703 1192 3771 Ιοχ

101 3772 177 3822 Dicse
196 3775 303 3833 andere,
331 3775 427 3824 ieinere
450 3773 615 3824 Materialitdt
657 3775 733 3824 chere
756 3773 978 3836 Atomeugehilde,
1010 3771 1173 3834 derglcioheu

103 3840 149 3889 der
167 3840 264 3899 Gdtten
285 3858 334 3891 von
352 3843 411 3899 der,
434 3843 496 3892 ohne
513 3842 615 3892 Duzwi-
656 3857 705 3890 von
724 3840 809 3891 diesen
835 3841 917 3891 fasten
934 3841 1051 3906 Kdrpcru
1073 3841 1172 3889 unstrh-

102 3908 251 3959 scheukunft
269 3909 314 3958 der
331 3909 614 3976 karperlicnensinnes-
656 3924 720 3967 men,
742 3908 999 3971 gleichgeslaltelmit
1010 3906 1092 3966 ihuau,
1109 3905 1172 3956 aher
