2640 4418
462 366 805 419 mmmmm.
1088 354 1202 437 tw

102 532 165 583 tum
187 521 400 601 praenuntiam
423 528 486 581 tum
508 521 572 582 sole
588 519 749 596 geminato,
773 519 862 607 quod,
878 528 941 581 ute
963 528 1048 598 patre
1071 519 1179 595 audiri,

103 606 253 668 Tuditano
276 612 307 667 et
326 601 456 684 Aquillio
469 605 644 668 consulibus
664 610 812 676 evenerat,
835 622 894 682 quo
910 603 1030 682 quidem
1045 623 1122 665 anno
1144 603 1178 671 P.

105 690 264 751 Africanus
279 689 324 750 sol
338 684 592 752 alterexstinotus
606 697 667 762 est,
691 688 799 767 quibus
817 687 949 749 exterriti
960 688 1098 748 homines
1121 688 1181 749 vim

106 775 254 854 quandam
279 792 346 835 esse
363 774 524 836 caelestem
545 783 576 835 et
594 773 724 834 divinam
748 772 893 852 suspicati
917 779 996 833 sunt.
1034 773 1176 845 Quartam
1194 782 1223 834 15

107 875 243 919 caussam
274 876 351 930 esse,
389 877 515 937 eamque
547 857 594 919 vel
627 856 794 930 maximam,
817 856 1057 935 aequabilitatem
1080 865 1180 919 motus

104 942 423 1024 conversionumque]
437 942 528 1017 caeli,
552 941 642 1012 solis,
659 940 747 1001 lunae
761 941 954 1020 siderumque
977 941 1110 1002 omnium
1133 942 1178 1002 diu

105 1025 308 1098 stinatianam,
350 1025 538 1098 varietatem,
571 1025 834 1105 pulchritudinem,
866 1025 1020 1096 ordinem3
1055 1043 1179 1103 quarum

102 1129 203 1172 rerum
232 1112 393 1190 adspectus
428 1110 494 1190 ipse
517 1110 590 1184 satis
613 1109 773 1181 indicaret,
808 1120 877 1169 non‘
892 1128 959 1170 esse
988 1127 1023 1170 ea
1046 1109 1180 1171 fortuita.

99 1194 148 1277 llt,
187 1193 214 1255 si
237 1195 305 1275 quis
329 1197 359 1256 iu
382 1197 504 1257 domum
527 1194 657 1274 aliquam
680 1201 730 1255 aut
752 1194 781 1254 in
798 1193 983 1272 gymnasium
1007 1193 1109 1255 autin
1134 1194 1180 1254 lo-

104 1298 170 1339 rum
193 1278 323 1349 venerit,
348 1297 439 1360 quum
461 1279 561 1340 videat
589 1278 722 1339 omnium
745 1290 844 1339 rerum
866 1277 1023 1349 rationem,
1048 1277 1178 1351 modum,

104 1361 311 1442 disciplinam,
349 1364 411 1423 nou
448 1363 546 1442 possit
583 1381 617 1424 ea
647 1361 713 1423 sine
735 1380 843 1424 caussa
865 1362 930 1423 fieri
952 1360 1101 1434 iudicare,
1125 1363 1179 1423 sed

103 1465 172 1516 esse
195 1446 323 1526 aliquem
358 1447 533 1525 intelligat,
553 1447 604 1525 qui
632 1445 746 1526 praesit
768 1455 799 1507 et
820 1445 868 1507 oui
890 1453 1046 1524 pareatur:
1084 1445 1177 1506 multo

102 1529 199 1606 magis
228 1531 258 1590 in
296 1531 387 1591 tantis
419 1530 606 1592 motionibus
629 1530 780 1609 tantisque
811 1529 1090 1602 vicissitudinibus,
1119 1537 1179 1606 tam

104 1614 273 1674 multarum
304 1633 403 1682 rerum
427 1622 516 1695 atque
552 1623 698 1676 tantarum
721 1614 892 1688 ordinibus,
918 1615 948 1674 in
972 1614 1081 1694 quibus
1104 1612 1180 1674 nihil

106 1716 237 1776 unquam
260 1698 406 1760 immensa
430 1707 460 1761 et
486 1699 602 1760 infinita
624 1707 755 1768 vetustas
781 1698 905 1760 mentita
928 1698 976 1771 sit,
1000 1707 1109 1760 statuat
1130 1718 1183 1760 ne·

107 1800 193 1843 eesse
217 1789 277 1864 est,
315 1784 352 1844 ab
376 1783 476 1864 aliqua
497 1791 607 1844 mente
621 1790 722 1844 tantos
744 1786 868 1844 naturae
890 1792 989 1843 motus
1013 1783 1181 1861 gubernari.

106 1865 291 1946 Chrysippus
315 1866 450 1946 quidem,
481 1883 660 1946 quamquam
683 1875 730 1926 est
751 1866 897 1926 acerrimo
921 1865 1058 1941 ingenio,
1081 1860 1219 1931 lamenti

1197 1955 1228 2008 16

108 2031 149 2082 die
174 2030 232 2082 Zeit
265 2032 350 2082 dieser
376 2032 552 2094 Unterreduug
582 2030 620 2083 als
664 2031 704 2081 die
735 2029 921 2092 ldrwartuugen
952 2029 1096 2092 getdusoht:
1135 2031 1177 2082 die

49 2152 50 2156 ,
81 2098 174 2149 ·nieht
207 2099 259 2149 viel
291 2102 376 2166 spdter
403 2100 499 2150 denkeu
529 2097 617 2150 solleu.
663 2097 868 2160 Erseheiuuugen
888 2096 939 2147 und
956 2096 1102 2159 Ereignisse
1121 2099 1177 2148 sind

106 2165 173 2216 Booli
192 2166 258 2217 wird
276 2186 349 2246 nuper
366 2169 428 2217 uuoh
445 2183 494 2217 von
506 2166 620 2227 ziemlieli
663 2167 750 2216 immor
767 2181 795 2217 so
810 2165 974 2228 eingetreteu,
995 2165 1046 2215 wie
1059 2164 1096 2215 sie
1115 2167 1177 2216 uaolr

106 2235 248 2285 eutfernten
271 2234 360 2284 Zerteu
385 2242 487 2298 gesagt,
520 2236 571 2285 uud
595 2250 618 2284 o.
663 2234 709 2284 der
731 2249 780 2283 von
805 2233 853 2283 den
876 2232 1010 2283 Meuseheu
1039 2233 1178 2284 erkannten

106 2303 146 2358 50,
170 2304 218 2353 126
236 2301 305 2352 lesen
323 2302 374 2352 wir
388 2315 478 2365 segari
500 2321 558 2368 quoe
576 2320 620 2355 no-
655 2300 743 2366 ‘Regel
759 2299 883 2350 elutreten
896 2308 1006 2350 moseten
1019 2301 1069 2349 uud
1080 2316 1177 2351 erwar-

103 2387 158 2434 per,
186 2373 212 2420 id
230 2378 264 2420 est
280 2375 361 2435 paneis
379 2380 431 2422 ante
449 2373 562 2433 saeculis,
582 2387 620 2422 re·
664 2375 701 2419 tet
720 2367 835 2419 wurden.

103 2445 170 2502 perta
187 2445 255 2489 eunt:
273 2450 314 2486 wo
333 2451 381 2486 nur
398 2436 439 2486 die
451 2451 551 2496 neuere,
574 2437 620 2486 der
696 2430 727 2492 θ.
747 2436 788 2487 16.
811 2437 949 2501 Chrysippus
967 2438 1065 2501 quidem.
1098 2433 1123 2485 S.
1145 2451 1177 2486 zu

106 2503 312 2566 gegeuwdrtigen
334 2502 558 2570 Bilduugsperiode
576 2519 620 2554 au·
663 2501 681 2561 I,
704 2505 744 2561 15,
766 2503 806 2554 39.

87 2570 225 2634 portatgo
242 2570 300 2621 Zeit
318 2571 364 2621 der
381 2571 489 2622 dudlrlen
507 2572 557 2621 und
575 2586 619 2620 uu·
697 2563 891 2638 quampuom‘est
920 2572 1043 2621 accerrimo
1074 2573 1175 2634 inpenso,

106 2637 248 2700 gehildeten
271 2638 377 2690 Vorzeit
397 2646 620 2704 entgegengesetzt
662 2648 786 2690 tomen-.
806 2635 893 2688 Weuu
913 2635 964 2686 Cio.
986 2649 1062 2698 sagon
1080 2635 1174 2695 wollta,

106 2705 182 2756 wind.
215 2757 217 2761 ,
589 2745 594 2755 ,
663 2705 736 2764 dass,
769 2720 796 2755 so
826 2703 994 2766 soharlsinuig
1023 2703 1087 2752 auch
1116 2703 1176 2754 Chr.

142 2777 254 2825 Tuditano
282 2774 316 2834 (0.
349 2775 493 2840 Sempronio)
529 2782 550 2826 et
580 2776 619 2825 Μ’.
663 2773 714 2831 sei,
753 2772 795 2821 die
828 2770 944 2833 folgende
971 2770 1178 2837 Argumentat'mu
1284 2777 1290 2784 “

105 2841 206 2904 Aquillto
231 2836 291 2890 o'oee.
326 2837 361 2888 lm
385 2840 408 2889 l.
440 2842 499 2893 625.
536 2834 621 2890 Ueher
663 2840 726 2889 doolr
751 2839 814 2888 uooh
838 2837 1036 2898 sohartsiuuiger
1060 2837 1112 2895 sei,
1140 2837 1178 2888 als

107 2905 156 2955 deu
178 2902 234 2954 Tod
260 2905 305 2954 das
328 2904 356 2954 P.
383 2906 466 2972 Seipio
484 2906 620 2958 Africanus
663 2912 720 2955 man
744 2905 782 2954 sie
806 2902 855 2954 idm
878 2910 1012 2966 zugetrnut
1034 2905 1116 2960 hatte,
1150 2919 1178 2954 so

108 2987 129 3022 s.
150 2970 191 3030 lll,
213 2973 252 3030 32,
275 2973 316 3023 80.
663 2973 698 3022 ist
714 2972 799 3022 dieser
818 2970 937 3021 Godanke
956 2970 1025 3039 nieht
1043 2984 1108 3032 ganz
1125 2979 1180 3022 eut-

144 3041 183 3089 15.
204 3057 261 3092 non·
274 3057 323 3091 erse
347 3058 373 3091 eo
397 3045 493 3105 fortuito
517 3039 558 3088 liu
581 3057 620 3091 eos
664 3039 801 3105 spreelreud
820 3037 998 3099 ausgedrdokt.
1022 3037 1093 3089 Deun
1111 3038 1179 3090 uiolrt

107 3111 223 3173 fortuitae.
259 3106 316 3169 Vgl.
344 3106 408 3157 oben
430 3121 451 3155 e.
478 3108 502 3165 3,
530 3109 544 3158 7
570 3105 621 3156 und
664 3106 755 3157 tro'tz
779 3106 824 3157 des
848 3105 1038 3164 Soharlsinnes,
1067 3106 1126 3156 den
1144 3122 1179 3157 er

109 3181 183 3223 untau
203 3175 225 3232 8,
249 3176 280 3226 18
299 3175 417 3224 extr.=de
435 3173 514 3237 Lege.
534 3172 617 3233 ll,1l,
663 3174 820 3224 wirlrlieh
838 3173 977 3233 hesitzt,
998 3174 1043 3223 hat
1056 3188 1086 3223 er
1102 3175 1179 3225 deu·

109 3243 156 3292 28:
193 3243 253 3293 Bone
268 3261 321 3294 oero
345 3247 408 3310 quod
430 3260 507 3306 mene,
535 3247 619 3309 pietas,
664 3243 745 3292 noch
763 3241 836 3312 alneu
854 3240 955 3292 soloheu
974 3240 1074 3291 Beweis
1092 3242 1179 3311 ausge-⁸

108 3313 195 3370 virtos,
223 3312 280 3372 fides
298 3320 445 3363 conreorotur
462 3339 494 3346 -
513 3318 552 3372 ot,
578 3313 622 3361 illo
663 3309 745 3368 stellt,
773 3309 881 3360 sonderu
907 3307 988 3359 weil
1004 3308 1058 3359 sein
1072 3308 1179 3361 ‚Sollert-

109 3381 149 3443 pni
167 3379 266 3426 doleant
284 3404 314 3412 -
334 3380 389 3429 deos
406 3382 471 3444 ipsos
488 3381 514 3428 io
538 3380 621 3429 animis
663 3377 726 3437 siun,
748 3392 776 3427 so
795 3378 856 3427 hoolr
874 3391 932 3426 mnu
949 3377 991 3425 iliu
1010 3378 1071 3426 auch
1082 3377 1179 3426 sottu-

109 3447 158 3494 soir
188 3445 312 3495 collocatos
342 3454 430 3510 putent.
465 3442 541 3494 Diese
571 3444 622 3493 An·
664 3452 702 3504 te,
725 3446 787 3495 doolr
806 3445 831 3494 iu
849 3444 895 3495 der
912 3443 979 3495 That
995 3444 1057 3493 uoolr
1076 3445 1179 3506 grdsser

107 3509 234 3571 wendung
252 3509 296 3558 des
314 3506 450 3561 Neutrums
476 3511 538 3562 dart
554 3511 623 3561 nieht
663 3527 721 3563 war
744 3512 781 3562 uls
804 3527 861 3562 man
889 3512 987 3562 dachto.
1024 3510 1085 3560 Also
1110 3509 1179 3562 nieht

108 3576 268 3634 belremden,
307 3576 340 3626 da
369 3578 410 3628 dia
435 3577 620 3643 Gogenstdnde,
665 3579 759 3631 seiuem
777 3579 925 3631 Solarlsinn
949 3577 1039 3635 selbot,
1070 3577 1206 3627 sondern.

109 3645 157 3694 aul
171 3644 211 3693 die
230 3642 425 3694 dasPronomeu
442 3647 493 3697 sich
512 3646 620 3706 hezielrt,
664 3647 897 3709 uurderMeinuug
910 3661 959 3696 von
972 3644 1064 3694 seiuem
1077 3643 1178 3694 Sohurl-

109 3727 156 3761 nur
180 3711 220 3761 eiu
247 3711 451 3774 grammatiseles
474 3712 624 3765 Gesolrleoht
665 3715 725 3766 siuu-
738 3715 822 3766 durtte
841 3715 881 3764 die
899 3711 1178 3778 geprieseueVortreff-

108 3771 197 3838 haben,
218 3779 243 3828 in
261 3778 380 3829 der'l'hat
396 3780 622 3844 ubergasohleolrt·
663 3783 768 3833 liahkeit
790 3782 875 3833 seiuer
894 3780 1101 3842 Argumentation
1124 3787 1179 3830 ent·

108 3846 147 3898 los
165 3847 228 3896 sind.
500 3887 506 3906 ,
665 3848 972 3914 gegongestelltwerdeu,
994 3855 1076 3898 etwa:
1097 3866 1179 3916 pream-

141 3920 201 3967 nilnl
219 3943 252 3952 —
269 3923 369 3966 vetustos
386 3919 482 3967 mentito
499 3921 537 3981 sit,
558 3917 582 3968 d.
594 3917 618 3967 lt.
665 3922 860 3984 quomoeerrimo
879 3934 929 3968 esse
951 3920 1043 3983 inuenio
1061 3921 1176 3980 medetur,
1264 3974 1266 3979 ,

108 3980 149 4036 die
172 3981 319 4033 uueudliohe
342 3981 416 4046 lange
433 3977 490 4034 Zeit
513 3984 557 4036 hat
579 3983 620 4034 uie
665 3994 748 4051 tomen,
768 4001 827 4053 quoe
841 3987 909 4048 dicit,
932 3986 1046 4037 eiusmodi
1063 3992 1117 4037 sunt
1135 3992 1176 4036 eto.
