2640 4418
176 331 216 394 32
528 336 571 387 DE
589 335 723 389 Nurum
741 337 887 390 DEORUM.

143 488 253 569 ¹tulus,
275 513 291 554 a
315 491 423 572 quibus
444 489 572 551 instituti
589 510 699 552 sumus.
723 492 760 552 Et
775 492 799 552 si
817 491 915 552 omnia
931 492 1140 572 philosophiae
1155 513 1243 572 prae-

175 589 260 661 cepta
283 577 453 638 reseruntur
474 576 626 649 advitam,
649 576 825 638 arbitramur
846 595 903 636 nos
926 584 956 636 et
974 577 1111 656 publicis.
1128 588 1158 639 et
1180 581 1243 658 pri-

175 665 250 727 vatis
273 664 303 724 iu
324 660 415 722 rebus
437 680 471 721 ea
494 661 696 739 praestitisse,
725 680 800 740 quae
829 661 905 722 ratio
934 670 964 721 et
992 661 1127 724 doctrina
1155 682 1242 742 prae·

140 748 161 819 4
176 747 341 828 scripserit.
374 745 426 806 Sin
443 752 539 806 autem
557 745 623 824 quis
639 746 773 824 requirit,
795 765 871 825 quaa
887 765 991 807 caussa
1008 766 1063 808 nos
1080 747 1240 826 impulerit,

177 843 208 896 ut
222 835 296 893 haec
312 839 370 891 tam
386 849 454 891 sero
472 828 581 892 litteris
607 831 826 902 mandaremus,
849 831 923 890 nihil
938 839 985 892 est
1007 832 1085 910 quod
1103 834 1243 911 expedire

175 928 236 979 tam
259 916 345 977 laeile
368 914 530 994 possimus.
562 914 636 975 Nam
652 934 741 994 quum
758 916 819 976 otio
846 916 1053 992 langueremus
1076 926 1106 978 et
1120 917 1147 978 is
1161 927 1244 980 esset

177 1001 356 1082 reipublicae
379 1007 482 1072 status,
506 1008 538 1059 ut
559 1018 624 1060 eam
646 1001 735 1061 unius
752 999 878 1060 consilio
895 1009 982 1078 atque
998 1020 1068 1063 cura
1085 1002 1242 1080 gubernari

176 1104 301 1165 necesse
324 1095 418 1163 esset:
442 1084 570 1162 primum
590 1084 685 1162 ipsius
701 1084 882 1163 reipublicae
899 1103 1003 1147 caussa
1020 1086 1242 1166 philosophiam

176 1171 286 1233 nostris
308 1167 480 1229 hominibus
503 1169 706 1247 explicandam
730 1168 845 1248 putavi,
875 1171 972 1247 magni
1002 1171 1173 1232 existimans
1195 1171 1242 1232 in·

177 1267 289 1318 teresse
311 1255 348 1315 ad
371 1255 462 1314 decus
486 1261 516 1314 et
538 1253 573 1312 ad
597 1253 715 1314 laudem
738 1253 877 1327 civitatis,
900 1273 948 1316 res
971 1265 1029 1315 tam
1046 1273 1150 1332 graves
1167 1265 1241 1317 tam·

145 1353 231 1421 tque
247 1340 415 1420 praeclaras
431 1338 545 1399 Latinis
561 1337 649 1398 etiam
665 1338 773 1399 littaris
786 1339 943 1400 contineri.
972 1339 1131 1417 quueme
1143 1340 1241 1402 minus

176 1424 304 1487 instituti
326 1424 383 1484 mei
400 1423 545 1502 poenitet,
569 1423 647 1501 quoul
671 1423 756 1484 lacile
772 1423 879 1496 sentio,
903 1442 990 1502 quam
1007 1426 1165 1493 multorum
1181 1445 1242 1487 non

175 1511 263 1570 motlo
304 1507 439 1569 discendi
477 1509 528 1568 sed
566 1507 655 1568 etiam
692 1507 842 1569 scribendi
880 1508 978 1569 studia
1019 1511 1240 1570 commorerim.

175 1593 349 1672 Complures
373 1592 452 1653 enim
476 1591 597 1652 Graecis
619 1591 858 1653 institutionibus
887 1593 994 1654 eruditi
1019 1612 1069 1666 ea,
1099 1613 1173 1672 quae
1196 1595 1241 1654 di·

175 1680 324 1747 dicerent,
349 1695 416 1737 cum
438 1676 551 1737 civibus
575 1677 637 1738 suis
660 1677 879 1738 communicare
902 1696 962 1738 non
984 1688 1137 1756 poterant,
1161 1680 1239 1758 qued

174 1763 224 1824 illa
248 1781 322 1840 quae
351 1761 505 1822 aGraecis
524 1761 712 1840 accepissent
733 1762 838 1822 Latine
858 1761 916 1822 dici
942 1781 1032 1840 posse
1055 1763 1239 1836 diffiderent;

176 1868 234 1927 quo
258 1848 288 1907 in
310 1862 419 1920 genere
443 1853 555 1907 tantum
584 1846 749 1925 proiecisse
778 1847 927 1919 videmur,
960 1855 992 1907 ut
1013 1866 1030 1907 a
1053 1848 1173 1909 Graecis
1202 1865 1241 1906 ue

147 1932 333 1994 acerborum
357 1931 476 2009 quidem
508 1931 595 2010 copia
617 1930 813 1992 vinceremur.
857 1932 980 1992 Hortata
1004 1939 1050 1992 est
1072 1933 1176 2004 etiam,
1208 1943 1242 1993 ut

178 2083 276 2132 Lebren
290 2080 686 2146 gemiscbtesdogmatiscbessy-
729 2080 817 2130 lunius
842 2081 946 2137 Brutum
975 2081 1036 2130 aher
1060 2080 1128 2130 uisse
1153 2097 1241 2132 waren

178 2159 249 2201 stem.
270 2148 326 2210 Vgl.
348 2148 425 2197 head.
446 2146 477 2202 ΙΙ,
499 2150 539 2203 22,
552 2150 618 2199 6911.
631 2148 684 2197 bes.
730 2148 797 2197 uicbt
822 2156 875 2198 ersi
901 2150 977 2199 durch
997 2148 1047 2199 ests
1065 2148 1173 2213 Bcispiel
1197 2164 1241 2199 an-

178 2215 684 2281 Madvigvormucie.berinoputu.
730 2223 832 2278 peregi,
862 2215 1039 2276 ehensoweuig
1065 2217 1114 2265 wia
1139 2217 1179 2266 die
1196 2219 1242 2268 mit

210 2289 347 2337 Posidonius
368 2297 413 2332 aus
439 2282 553 2340 Rhodus,
584 2283 688 2333 Schriler
731 2283 961 2347 (leringscbiitzung
982 2299 1031 2333 rou
1060 2283 1109 2333 ihm
1126 2286 1242 2335 erwibu·

178 2352 260 2403 seiues
278 2351 465 2400 Luudsmanues
478 2350 620 2409 Panaetius,
643 2352 688 2401 der
730 2360 771 2401 ten
789 2351 930 2418 Epikureer
947 2351 1102 2409 Amaiauius,
1124 2353 1241 2404 Rabirius

177 2419 357 2470 hcdeutcndste
376 2426 448 2468 enter
466 2419 512 2468 (len
524 2417 687 2482 Stoikernjc·
731 2419 779 2469 und
791 2419 885 2470 Cutius.
904 2421 994 2476 head.
1007 2419 1026 2476 Ι,
1049 2423 1072 2477 Ι,
1094 2423 1117 2471 5.
1137 2420 1238 2471 Tuscul.

178 2504 224 2538 uer
240 2487 304 2536 Zeit.
341 2486 378 2535 Er
395 2485 474 2535 lebrte
493 2487 517 2534 iu
535 2486 619 2537 sciner
635 2487 686 2537 Va·
731 2485 771 2543 lV‚
800 2489 823 2543 3,
851 2490 874 2538 6.
902 2488 934 2536 a‹l
952 2487 1039 2537 Famil.
1068 2487 1125 2545 XV,
1155 2492 1193 2547 tu,
1216 2495 1239 2541 1.

178 2555 299 2612 terstadt,
325 2553 386 2603 hielt
409 2553 461 2602 sicb
480 2554 542 2604 aber
558 2554 614 2604 eine
631 2554 688 2604 Zeit
732 2557 770 2613 19,
794 2558 816 2606 1.
853 2554 988 2605 Vielleicbt
1006 2555 1067 2605 aber
1088 2558 1177 2618 mogen
1201 2558 1241 2607 die

177 2623 236 2686 lang
253 2623 315 2672 auob
335 2621 359 2670 in
377 2622 439 2670 Rom
457 2621 508 2671 aul.
546 2621 613 2672 Was
639 2639 687 2672 von
730 2638 778 2671 von
803 2621 939 2686 Quintilian
956 2622 990 2681 X,
1011 2623 1030 2681 l,
1054 2625 1101 2674 123
1127 2626 1241 2673 erwiihu-

178 2689 430 2740 seinenzablreiobeu
441 2689 688 2752 Sebrilienanllrag-
730 2699 772 2739 teu
789 2694 886 2742 Plancus
904 2692 953 2740 und
972 2691 1018 2740 der
1035 2690 1120 2740 -iltere
1139 2695 1239 2754 Sestius,

177 2767 275 2808 menten
300 2758 349 2807 und
366 2757 558 2820 Erwtibuungen
584 2759 689 2807 verban-
731 2757 1240 2811 vielleiobtauchC.rlsiniusPolliozuden
1300 2789 1305 2794 -

179 2827 226 2877 cleu
252 2827 298 2882 ist,
341 2825 419 2874 findat
441 2840 496 2874 man
524 2825 548 2874 in
572 2831 689 2878 l‘osirtuaii
732 2825 815 2876 vouC.
837 2835 989 2888 augeregten
1007 2842 1038 2876 nu
1054 2827 1238 2876 recbnensein.

176 2899 289 2961 reliquiae
307 2898 432 2945 doctrinae.
461 2896 517 2945 Call.
537 2904 583 2960 etp.
602 2899 687 2945 illustr.
764 2899 916 2958 vinceremur,
945 2895 1011 2944 nieht
1029 2900 1152 2947 vincemur.
1189 2894 1241 2944 llas

177 2968 195 3015 Ι.
215 2966 282 3014 Buba.
319 2960 398 3023 Lugd.
417 2960 445 3010 B.
468 2963 541 3012 1810·
569 2964 592 3013 8.
731 2960 829 3027 Imperi.
856 2961 1008 3012 hesobrtiukt
1034 2963 1081 3012 deu
1099 2963 1241 3029 Ausspruch

211 3025 241 3085 4.
261 3033 285 3080 'l.
307 3034 336 3080 od
364 3034 432 3080 decus
459 3039 478 3080 et
502 3034 532 3080 ud
556 3033 619 3081 leuci.
645 3035 686 3082 civ.
731 3029 777 3078 aul
798 3029 838 3078 dic
865 3030 1006 3092 bisherigeu
1024 3029 1176 3091 Leistungeu
1202 3030 1241 3079 ci·
1284 3090 1289 3097 ⁶

178 3095 235 3159 Vgl.
256 3095 378 3145 lebino.
400 3095 429 3152 ΙΙ,
451 3098 474 3153 2,
496 3100 524 3147 5:
545 3102 688 3161 mapuificum
731 3097 817 3154 cero’s,
840 3099 888 3147 und
907 3099 952 3147 der
962 3097 1021 3148 Sinu
1037 3097 1071 3145 ist
1081 3112 1129 3145 uur
1141 3097 1238 3145 dieser:

178 3169 238 3215 illud
255 3169 322 3215 etiam
336 3168 484 3230 Romanisque
499 3169 688 3229 hominibusplo-
732 3165 766 3213 Es
790 3165 827 3214 sci
851 3166 899 3214 ibnr
924 3165 1058 3227 geluugen,
1087 3163 1112 3210 in
1130 3171 1242 3229 entspre-

177 3238 273 3293 ciosum,
292 3241 317 3282 ut
331 3234 421 3282 Graecis
441 3238 468 3282 de
483 3237 630 3298 philosophia
648 3237 688 3283 lit·
732 3232 1019 3292 ebenderBezeiebuuug
1031 3229 1243 3297 pbilosophiscber

178 3303 233 3350 teris
250 3318 296 3349 uua
314 3309 400 3362 specul.
732 3300 839 3362 Begrille
866 3301 932 3349 nicht
959 3298 1040 3348 hinter
1064 3299 1111 3347 den
1136 3300 1242 3362 griechi-

212 3368 236 3417 8.
256 3371 378 3418 multorum
402 3395 432 3402 -
460 3371 575 3419 scribendi
601 3370 687 3417 studio.

176 3433 231 3486 Von
257 3433 304 3483 den
322 3432 426 3490 Vielen,
454 3433 494 3482 die
513 3434 541 3484 C.
567 3434 621 3482 bier
646 3433 687 3482 be-

731 3368 804 3416 seben
828 3367 979 3418 Vorhildcru
1003 3367 1239 3416 zurirckzuhleihau.

730 3436 869 3486 Auderswo
887 3435 1021 3499 bebauptet
1038 3450 1067 3483 er
1095 3435 1190 3485 lreilicb
1217 3435 1242 3484 in

109 3538 113 3545 .
177 3503 303 3559 michael,
333 3501 366 3550 ist
383 3501 456 3551 leine
475 3501 562 3550 Kuntle
581 3502 628 3551 aul
642 3517 687 3550 uns
729 3503 915 3569 patriotiscbam
933 3502 1005 3552 Eiler
1028 3517 1091 3564 ganz
1110 3503 1142 3552 im
1159 3503 1242 3566 Allge·

177 3572 328 3633 gelrommen.
361 3569 422 3620 Wir
440 3569 533 3619 wissen
551 3568 687 3630 allerdings

177 3654 225 3688 von
248 3639 379 3687 nrehrcreu
399 3637 483 3687 seiner
499 3636 685 3700 Zeitgeuossen,

177 3705 236 3754 dass
254 3705 290 3754 sie
309 3706 372 3755 iiber
386 3704 582 3771 pbilosophiscbe
592 3704 689 3766 (legen-

76 3780 78 3784 '
177 3771 689 3838 atindeinLateiuiscberSprachcsobrie-

79 3859 82 3863 ·
177 3840 239 3897 heu,
260 3840 318 3895 wie,
343 3856 382 3890 um
401 3843 445 3891 (les
462 3840 577 3890 Dichters
595 3839 688 3891 Luere-

177 3908 227 3958 tius
244 3907 312 3956 uiebt
329 3924 359 3956 zu
372 3910 508 3970 gedeuken,
530 3907 557 3957 P.
573 3907 688 3970 Nigidius

178 3975 296 4038 Figulus,
322 3974 356 4025 Μ.
377 3975 510 4028 Terentius
527 3976 623 4036 Varro,
652 3975 685 4028 nl.

731 3572 842 3621 meineu:
869 3575 974 3623 laticum
992 3575 1094 3636 liupuum
1110 3590 1157 3624 aue
1173 3575 1240 3623 morlo

731 3658 777 3691 oce
794 3646 891 3706 inopem,
911 3648 936 3690 ut
953 3643 1019 3705 eulpa
1036 3649 1126 3706 putent,
1147 3643 1187 3691 sed
1206 3643 1241 3690 lo-

732 3712 877 3773 cupletiorem
894 3712 961 3759 etium
974 3727 1023 3759 esse
1041 3725 1108 3773 quom
1127 3711 1242 3759 Graecam.

731 3773 767 3823 lle
786 3775 856 3824 Fine.
877 3774 894 3833 Ι,
922 3777 945 3833 3,
971 3779 1008 3827 ΙΙΙ.
1029 3774 1079 3837 vgl.
1103 3773 1143 3833 ΙΙΙ,
1169 3776 1192 3830 2,
1214 3776 1239 3824 5.

731 3857 852 3905 wogegen
870 3842 1009 3894 erTuscul.
1030 3842 1059 3901 ll,
1083 3845 1121 3901 te,
1143 3845 1175 3894 35
1194 3843 1242 3891 den

731 3910 864 3971 grosseren
883 3912 1029 3962 lleiobtbum
1056 3911 1102 3960 der
1129 3909 1243 3960 Griacbi-

732 3977 807 4027 seben
825 3977 935 4045 Spracbe
952 3979 1099 4041 elucescent.
