2640 4418
132 309 176 371 28
484 321 529 372 ltu
546 320 681 373 NATURA
698 321 845 374 DEORUM.

96 469 99 473 ’
131 494 257 538 wannen
280 475 324 536 sie
346 475 421 536 tiber
436 475 499 536 siclt
521 478 558 550 (s.
574 476 697 538 Lucian.
714 476 832 538 Conviv.
849 496 874 537 s.
890 476 1008 555 Lapith.
1025 497 1051 538 c.
1068 480 1110 554 9),
1134 480 1195 540 und

131 561 201 622 dass
216 560 349 633 manche,
372 579 405 620 so
420 561 651 639 lreigeisterisch
668 561 712 622 sie
728 561 758 621 in
775 563 827 622 der
842 561 971 621 Theorie
985 581 1093 635 waren,
1117 564 1195 625 doch

130 644 282 725 praktisch
311 644 402 705 hoeht
428 645 616 724 aherglhubig
638 663 774 724 gewesen
802 645 898 716 scien,
921 646 983 707 wie
1012 666 1066 708 uns
1089 648 1194 710 Cicero

131 750 157 791 c.
174 732 224 802 30,
241 732 280 792 85
297 729 467 802 versichert,
491 730 530 791 ist
545 731 746 809 heinesweges
761 730 962 808 unglaublich.
999 732 1207 813 llergleichen'

112 814 363 893 ,Widersprirohe
378 815 525 875 zwischen
542 815 670 876 Theorie
686 815 745 876 und
760 815 863 876 Praxis
880 816 930 876 hat
952 835 984 876 es
1007 817 1061 878 aul
1079 817 1193 880 diesem

131 898 252 961 Gebiete
275 918 310 958 zu
332 899 410 960 allen
431 899 534 961 Zeiten
556 899 698 978 gegeben.

97 1116 112 1186 1
214 1118 309 1190 Quum
332 1119 439 1180 multae
462 1137 510 1179 res
534 1120 563 1178 in
587 1118 777 1197 philosophia
802 1137 987 1197 nequaquam
1012 1121 1084 1179 satis
1098 1121 1194 1183 adhuc

103 1202 293 1281 texplicatae
315 1202 389 1275 sint,
411 1211 472 1263 tum
496 1203 692 1283 perdifficilis,
715 1202 813 1276 Brute,
837 1204 927 1282 (quod
950 1213 983 1264 tu
1005 1204 1125 1266 minime
1148 1206 1193 1283 ig-

128 1286 292 1365 noras,)'et
320 1289 501 1366 perobscura
533 1287 667 1366 quaestio
691 1298 736 1348 est
759 1287 796 1348 dc
820 1297 922 1349 natura
946 1288 1086 1350 deorum:
1117 1309 1193 1368 quae

129 1373 215 1434 etad
239 1371 420 1450 agnitionem
450 1372 540 1432 animi
571 1373 767 1450 pulcherrima
798 1382 844 1432 est
872 1373 958 1432 etad
982 1374 1193 1435 moderandam

127 1457 302 1533 religionem
326 1457 506 1517 necessarie.
552 1458 593 1517 lle
606 1476 661 1535 qua
686 1466 743 1517 tam
756 1457 853 1516 variae
869 1466 938 1517 sunt
951 1458 1193 1519 doctissimorum

128 1542 280 1601 hominum
294 1550 412 1618 tamque
428 1542 631 1620 discrepantes
652 1542 825 1610 sententiae,
848 1550 879 1601 ut
897 1551 1002 1618 magno
1019 1553 1191 1620 argumento

129 1645 195 1686 esse
219 1626 342 1695 debeat,
371 1644 523 1696 caussam,
554 1626 582 1685 id
613 1635 659 1686 est
690 1626 870 1704 principium
894 1626 1101 1704 philosophiae
1125 1646 1192 1688 esse

128 1711 326 1776 inscientiam,
349 1710 570 1789 prudenterque
585 1711 808 1771 Academicosa
831 1711 920 1771 rebus
945 1710 1065 1772 incertis
1087 1730 1190 1788 155111·

42 1845 47 1855 .
128 1795 244 1871 313333(
267 1794 448 1873 cohibuisse.
494 1795 571 1868 Quid
602 1803 648 1855 est
675 1796 752 1854 enim
787 1795 952 1855 temeritate
975 1793 1113 1873 turpius?
1142 1805 1192 1856 aut

128 1880 197 1958 quid
235 1888 294 1939 tam
328 1880 516 1940 temerarium
553 1888 673 1958 tamque
706 1880 858 1956 indignum
878 1879 1028 1957 'sapientis
1051 1879 1191 1957 gravitate

127 1974 215 2042 atque
238 1964 420 2037 constantia,
454 1984 540 2043 quam
565 1975 615 2024 aut
638 1964 742 2024 salsum
767 1965 895 2034 sentire,
930 1975 994 2037 aut,
1030 1966 1108 2043 quod
1131 1983 1192 2025 non

128 2050 200 2107 satis
223 2049 373 2127 explorate
396 2059 568 2129 perceptum
591 2050 630 2109 sit
652 2058 682 2108 et
703 2048 869 2125 cognitum,
898 2049 962 2108 sine
992 2049 1050 2109 ulla
1074 2049 1191 2109 dubita·

103 2135 213 2193 ttione
237 2130 421 2192 defendere?
464 2133 549 2193 Velut
581 2133 610 2192 in
646 2134 701 2192 hac
734 2133 908 2211 quaestione
942 2133 1085 2210 plerique,
1110 2133 1191 2210 quod

128 2218 255 2278 maxime
277 2217 438 2276 verisimile
476 2226 573 2277 estet
602 2236 659 2294 quo
683 2235 787 2277 omnes
824 2218 898 2278 duce
921 2226 1024 2277 natura
1047 2217 1189 2290 vehimur,

128 2302 201 2362 deos
241 2321 307 2361 esse
344 2302 497 2361 dixerunt:
534 2302 669 2362 dubitare
692 2321 724 2360 se
754 2303 950 2376 Protagoras:
990 2301 1088 2361 nullos
1122 2320 1190 2361 esse

128 2386 249 2453 omuino
273 2386 414 2463 Diagoras
437 2387 541 2446 Melius
565 2394 592 2445 et
608 2387 784 2446 Theodorus
803 2387 982 2464 Cyrenaicus
1004 2396 1190 2464 putaverunt.

128 2460 275 2543 Quidem
299 2473 371 2530 deos
395 2491 461 2532 esse
485 2471 635 2542 dixerunt,
662 2479 739 2531 tanta
763 2471 885 2531 suntin
909 2471 1050 2532 varietate
1073 2490 1107 2531 ac
1129 2472 1189 2530 dis-

161 2600 189 2658 1.
211 2606 232 2653 l·
253 2608 283 2655 od
301 2609 439 2668 agnitionem
448 2609 526 2656 enimi.
553 2603 636 2653 Durch
713 2608 863 2655 inscientium.
891 2602 1191 2665 DieMunnichlalligkeit

129 2671 169 2721 dic
198 2670 361 2720 Erkenntniss
390 2671 435 2720 der
459 2670 571 2721 Gottheit
595 2688 637 2734 ge·
679 2672 729 2735 und
747 2672 793 2721 der
811 2669 992 2735 Widerspruch
1012 2671 1036 2720 iu
1062 2671 1108 2719 den
1126 2671 1189 2720 Mei-

127 2740 206 2788 winnt
224 2739 269 2788 der
288 2738 358 2799 Geist
381 2741 442 2788 auch
464 2755 496 2788 an
513 2739 637 2790 Erkennt-
679 2755 775 2800 nungen
786 2738 898 2788 itherdie
909 2738 1027 2796 northen,
1044 2738 1099 2788 eine
1113 2737 1188 2799 Folge

127 2807 179 2857 niss
197 2807 281 2857 seiner
298 2806 382 2864 selbst‚
404 2808 513 2856 insolern
532 2810 594 2856 auch
608 2824 637 2857 er
679 2807 723 2856 des
740 2805 763 2855 N
770 2807 997 2864 iehtwissens.
1027 2807 1104 2856 durch
1127 2805 1190 2855 wel-

126 2875 261 2938 gdttlichen
284 2875 396 2926 Wesens
420 2875 562 2937 theilhallig
587 2876 632 2925 ist:
678 2876 736 2924 ches
760 2888 816 2922 man
840 2891 895 2924 zum
916 2874 1103 2940 Philosophircu
1127 2873 1190 2923 iiber

127 2943 371 2993 Gotteserltenntniss
378 2944 426 2993 und
435 2943 636 2994 Selbsterhennt·
678 2943 714 2992 sie
733 2942 830 3006 gcreizt
848 2943 898 2992 und
915 2959 960 2991 zur
978 2942 1135 3004 hufstcllung
1160 2957 1189 2992 so

126 3012 555 3074 nisssteheninWechselwirltung.
576 3013 632 3075 Vgl.
678 3009 894 3072 nranoichlaltiger
916 3010 1064 3073 Meinungen
1089 3011 1190 3072 gelihrt

126 3077 228 3128 Tuscul.
248 3078 280 3134 V,
295 3081 334 3135 25.
350 3083 396 3130 to:
419 3085 444 3131 111
463 3087 514 3146 ipso
531 3100 555 3132 se
572 3101 635 3132 meas
678 3079 780 3130 worden
800 3078 847 3134 ist,
867 3079 932 3127 kann
947 3077 983 3126 als
1002 3079 1041 3127 ein
1060 3077 1188 3138 gewichti-

127 3157 235 3210 agnoscet
268 3150 454 3212 cooiooctomqoe
480 3167 529 3199 com
558 3153 635 3200 divine
679 3147 1126 3211 13133133,33913313911311111,
1148 3145 1189 3193 ltir

125 3208 198 3266 me'rtte
216 3232 240 3264 se
259 3219 348 3264 sentiat.
382 3214 412 3261 de
425 3213 503 3276 Legg.
517 3214 534 3271 l,
549 3217 571 3269 8,
585 3217 631 3265 25:
679 3215 725 3262 den
745 3214 804 3264 Sutz
823 3213 918 3270 dienen,
941 3212 999 3261 dass
1019 3213 1063 3261 das
1075 3211 1188 3261 Philoso-

125 3291 150 3332 ot
168 3286 188 3331 is
206 3291 314 3345 agnoscet
333 3284 411 3343 deone,
437 3287 476 3346 qui
494 3287 553 3332 erede
572 3294 634 3334 ortos
677 3283 777 3348 phiren‚
808 3281 831 3329 d.
861 3283 884 3330 h.
912 3281 956 3329 dus
986 3279 1092 3329 Streben
1125 3281 1187 3330 nach

126 3353 156 3401 sit
174 3353 241 3414 qoosi
259 3352 389 3399 recordetur
407 3368 433 3400 oc
451 3359 537 3400 noscet.
677 3349 790 3405 Wissen‚
812 3349 881 3399 scine
899 3347 1094 3410 VerunIassung,
1117 3349 1140 3397 d,
1161 3350 1185 3397 h.

159 3421 189 3468 od
207 3421 368 3467 moderandam
388 3421 527 3478 religionem.
564 3416 633 3466 Weil
677 3418 762 3468 seinen
780 3417 914 3484 Ursprung.
937 3435 1029 3467 coecum
1050 3421 1066 3466 i.
1085 3434 1103 3467 e.
1121 3421 1187 3482 prin-

125 3492 179 3534 erst
199 3483 239 3532 die
263 3482 368 3544 richtige
387 3483 633 3534 Gotteserhenntniss
676 3491 766 3551 ciprum,
784 3485 880 3535 iiberall
897 3484 922 3533 in
937 3483 992 3532 dem
1005 3482 1188 3534 Nichtwis·

31 3558 35 3565 “
126 3550 472 3613 unsererGottesverehrung
489 3552 529 3601 die
547 3555 632 3602 rechte
676 3569 730 3602 sen
749 3553 821 3602 habe.
859 3552 937 3603 Arist.
963 3550 1022 3601 Met.
1043 3551 1062 3608 1,
1085 3552 1114 3602 2:
1141 3546 1188 3600 dm

126 3618 235 3682 Haltung
252 3619 301 3668 und
319 3618 442 3681 Richtung
460 3619 535 3680 gicht.
573 3621 630 3682 Vgl.
676 3619 706 3669 τὸ
732 3615 844 3687 φεύγειν
876 3618 924 3683 τὴν
952 3613 1068 3686 ἄγνοιαν
1096 3614 1187 3688 ἐφιλο-

126 3695 200 3736 untcn
218 3687 246 3744 ll.
269 3690 310 3744 61,
333 3689 388 3738 153.
676 3683 811 3754 σόφησαν.

134 3748 191 3805 ‘De
215 3774 267 3821 qno.
301 3754 353 3804 Das
377 3754 477 3805 Relativ
501 3753 567 3803 nicht
590 3756 636 3805 aul
708 3759 861 3807 Academicos.
899 3756 924 3807 S.
946 3757 970 3806 d.
992 3755 1058 3805 Einl.
1080 3754 1105 3805 S.
1129 3754 1168 3805 13.

126 3821 171 3870 des
189 3823 478 3886 uachstvorhcrgehende
493 3827 633 3887 religionem,
710 3823 734 3873 2.
754 3826 903 3888 Protagoras,
928 3829 1056 3890 llicgoros,
1084 3826 1187 3874 Theodo-

126 3889 233 3938 sondern
249 3890 294 3937 aul
309 3891 353 3940 das
368 3892 521 3942 entlerntere
531 3895 633 3958 quaestio
675 3908 724 3940 ros.
746 3889 792 3940 'S.
819 3900 893 3942 unten
917 3908 948 3941 zu
976 3907 997 3940 c.
1027 3893 1070 3948 12,
1101 3891 1133 3942 29
1159 3905 1183 3937 u·

53 3956 56 3961 ’
125 3973 157 4007 zu
173 3955 302 4006 beziehen.
677 3958 716 4016 23,
738 3957 778 4010 6³.
