2640 4418
153 337 214 399 23t
508 347 552 398 uu
570 346 706 399 uorum
723 347 869 423 uuonuoq.

152 523 187 566 ac
210 502 371 564 'voluntate
407 508 596 576 moveantur,
635 501 681 562 sio
713 502 835 564 numine
863 502 988 563 deorum
1021 502 1122 563 omnia
1153 503 1227 583 fingi

151 588 264 649 moveri
285 586 453 665 mutarique
475 604 577 665 posse.
621 587 725 667 Neque
745 587 775 648 id
796 586 899 647 dicitis
912 586 1123 666 superstitiose
1135 596 1225 667 atque

150 673 286 745 aniliter,
318 671 372 732 sed
404 672 527 750 physica
560 671 771 751 constantique
799 671 925 733 ratione.
969 671 1122 733 Materiam
1146 673 1227 733 euim

150 776 261 830 rerum,
294 774 330 816 ex
362 774 418 834 qua
441 763 471 817 et
492 757 523 816 in
544 749 602 835 qua
625 755 726 816 omnia
749 756 827 828 sint,
859 763 950 816 totam
972 773 1040 816 esse
1061 757 1225 818 flexibilem

80 888 86 893 -
152 837 181 903 et
203 840 459 913 commutabilem}
494 849 526 901 ut
547 839 622 901 nihil
651 840 691 901 sit
715 841 795 919 quod
817 859 879 901 uon
901 859 937 900 ex
958 858 994 900 ea
1017 842 1223 919 quamvis-su·

150 927 214 987 bito
237 925 308 1005 fingi
331 925 524 1004 convertique
545 925 659 1004 possit3
692 926 758 986 eius
781 933 878 986 autem
901 924 1058 986 universae
1079 925 1224 988 fictricem

151 1019 182 1073 et
211 1010 439 1071 moderatricem
476 1010 607 1071 divinam
643 1028 710 1070 esse
737 1009 974 1089 providentiam:
1010 1010 1087 1072 hanc
1122 1010 1223 1088 igitur,

152 1112 340 1175 quocumque
363 1113 396 1155 se
419 1104 544 1167 moveat,
568 1095 688 1156 elficere
716 1112 807 1173 posse
828 1090 974 1173 quidquid
996 1093 1076 1156 velit.
1119 1095 1223 1174 ltaque
1268 1104 1271 1111 '

151 1188 201 1241 aut
223 1179 321 1241 nescit
342 1179 414 1258 quid
436 1179 543 1258 possit,
577 1187 627 1240 aut
649 1178 774 1257 negligit
793 1196 843 1238 res
864 1179 1027 1250 humanas,
1051 1186 1117 1254 aut,
1151 1181 1223 1259 quid
1299 1189 1302 1196 '

151 1265 191 1326 sit
212 1258 370 1343 optimum,
390 1283 450 1325 non
472 1272 574 1351 potest
593 1263 737 1325 iudicare.
781 1263 847 1323 Non
862 1269 946 1324 curat
967 1262 1102 1340 singulos
1124 1264 1221 1325 homi·

107 1359 138 1410 93
152 1368 217 1411 nes.
261 1349 327 1410 Nou
350 1349 474 1410 mirum:
499 1368 537 1410 ne
560 1348 696 1409 civitates
711 1346 843 1426 quidem.
885 1347 952 1408 Non
967 1344 1042 1409 eas?
1063 1366 1102 1408 ne
1124 1349 1221 1410 natio-

150 1452 204 1496 nes
228 1433 348 1512 quidem
371 1443 401 1494 et
428 1441 545 1510 gentes.
591 1431 706 1504 Quodsi
735 1432 789 1493 has
824 1431 914 1493 etiam
943 1432 1117 1504 contemnit
1152 1434 1223 1513 quid

148 1518 257 1580 mirum
279 1527 335 1590 est,
360 1536 449 1579 omne
472 1517 508 1578 ah
532 1535 567 1577 ea
589 1533 682 1593 genus
715 1517 877 1578 humanum
890 1545 892 1548 ⁴
906 1518 979 1578 esse
996 1516 1224 1597 contemptum?

150 1603 210 1667 Sed
234 1621 293 1681 quo
315 1603 405 1663 modo
428 1601 519 1661 iidem
542 1599 643 1680 dicitis
667 1619 727 1662 uon
742 1601 842 1662 omnia
860 1602 934 1662 deos
956 1602 1108 1682 persequi,
1131 1603 1224 1664 iidem

147 1688 237 1748 vultis
274 1686 373 1747 adiis
410 1684 643 1767 immortalibus=
663 1685 837 1746 hominihus
874 1685 1026 1764 dispartiri
1062 1704 1098 1747 ac
1130 1682 1223 1748 dividi
1261 1762 1264 1767 Ι

117 1804 120 1811 ·
150 1767 291 1833 somnia?
318 1770 435 1833 idcirco
457 1770 533 1831 haec
554 1779 662 1844 tecum,
696 1770 764 1849 quia
787 1779 885 1831 vestra
908 1780 955 1831 est
974 1771 1013 1831 de
1035 1772 1223 1833 somniorum

148 1856 273 1918 veritate
294 1856 454 1918 sententia.
497 1855 594 1933 Atque
627 1854 719 1917 iidem
752 1856 842 1916 etiam
875 1864 943 1916 vota
976 1855 1090 1935 suscipi
1120 1857 1221 1918 dicitis

149 1951 301 2021 oportere.
345 1941 458 2019 Nempe
490 1939 599 2017 singuli
635 1952 759 2013 roven13
792 1939 875 2001 audit
901 1940 992 2017 igitur
1013 1958 1098 2001 mens
1121 1941 1221 2019 diviua

75 2094 91 2105 ᾖ
149 2026 238 2103 etiam
263 2026 299 2086 de
322 2025 458 2103 singuiis.
502 2024 615 2085 Videtis
638 2040 720 2101 ergo,
748 2042 809 2084 non
832 2042 899 2086 esse
922 2043 988 2085 eam
1011 2032 1070 2086 tam
1091 2043 1225 2105 occupa·

148 2119 208 2171 tam
232 2128 320 2188 quam
343 2105 602 2188 portabatisll'ac
623 2127 690 2169 esse
713 2109 883 2182 distentam,
906 2109 1021 2170 caelum
1036 2119 1220 2196 uersantem,

126 2293 201 2343 ·wie
225 2290 341 2342 desselbe
358 2291 439 2343 Wort
460 2308 509 2341 vou
529 2292 663 2342 Lucretius
740 2294 781 2344 93.
807 2297 877 2344 iidem
900 2296 978 2344 dicitis
996 2321 1029 2331 —
1047 2297 1117 2346 iidem
1140 2298 1220 2359 cottia,

151 2359 198 2418 ΙΙΙ,
228 2363 276 2412 144
294 2360 357 2409 auch
379 2375 429 2409 von
447 2361 493 2409 der
510 2360 594 2410 Macht
618 2361 664 2410 der
707 2376 726 2409 s.
747 2377 772 2408 v.
793 2359 830 2409 als
849 2365 889 2426 qui
907 2358 984 2412 dicitis
1002 2360 1065 2410 oder
1082 2374 1221 2429 qoooeqcctn

71 2450 74 2455 ·
152 2428 225 2480 Secle
252 2427 317 2478 uber
345 2428 393 2477 den
426 2427 489 2477 Leib
526 2429 664 2491 gebraueht
706 2432 784 2480 dicitis
802 2456 835 2466 -
854 2437 928 2479 tomen
951 2432 1029 2480 voltis.
1070 2427 1154 2478 Durclr
1179 2429 1220 2478 dic

149 2496 231 2549 vird:
253 2514 334 2561 corpas
350 2505 415 2562 potet
433 2508 454 2548 et
466 2500 495 2548 od
508 2514 663 2548 comcomm-
707 2495 818 2558 Setzuug
841 2495 885 2544 des
903 2494 1169 2562 identitdtsprouomeu
1194 2497 1220 2546 in

150 2569 180 2616 tis
197 2576 336 2628 momemque
352 2573 461 2614 moretur.
496 2563 543 2612 Die
568 2563 663 2630 eigeut·
706 2562 797 2614 beiden
815 2561 934 2612 Gliederu
952 2562 1018 2612 wird
1037 2564 1084 2613 der
1102 2562 1221 2615 Contrast
1248 2562 1251 2567 ’

149 2631 215 2680 licite
226 2629 539 2691 Bedeutung'istaootos,
560 2644 663 2680 woraus
706 2631 753 2680 der
770 2638 1022 2693 eotgegengesetzteu
1037 2632 1086 2681 und
1096 2633 1157 2681 doclr
1170 2648 1219 2681 von
1277 2658 1282 2667 ·

151 2696 660 2759 sichdiesefibertrngeueleichterkldrt.
706 2697 905 2747 ebcndenselben
949 2697 1077 2749 Persouen
1128 2714 1219 2762 vorge-

184 2771 304 2819 mctoriom
320 2784 409 2828 rerum,
429 2784 459 2817 ec
474 2784 520 2832 quo
538 2775 558 2818 et
575 2771 600 2817 in
618 2784 665 2833 quo
705 2764 824 2815 brachten
837 2765 1031 2830 Behaoptuugen
1046 2782 1086 2816 um
1099 2782 1126 2818 so
1142 2767 1219 2817 sicht-

151 2841 227 2888 omoto
245 2839 298 2885 aiot.
332 2832 386 2883 Zur
402 2832 572 2896 Erlauteruug
597 2834 661 2882 kann
705 2831 781 2882 barcr
804 2833 1018 2897 lrervorgelrobeu.
1056 2832 1112 2897 Vgl.
1136 2835 1215 2884 Acad.

152 2902 253 2960 dienen,
280 2915 336 2950 was
361 2900 412 2951 Cic.
440 2902 518 2951 Acad.
545 2900 562 2959 Ι,
584 2904 607 2958 7.
630 2904 661 2953 at
704 2899 734 2960 ΙΙ,
758 2903 797 2959 20,
819 2903 866 2954 63:
888 2904 928 2968 qui
945 2907 987 2954 tibi
1005 2912 1129 2967 constares,
1150 2922 1219 2969 quom

150 2977 221 3033 oagt:
253 2975 376 3022 subiectam
392 2979 474 3035 potant
491 2967 663 3034 (Peripatetici
689 2973 765 3022 'idem
788 2988 883 3036 negares
912 2974 1038 3037 quidquam
1066 2974 1123 3023 certi
1150 2989 1219 3036 posse

151 3045 177 3087 et
193 3045 292 3088 veteres
310 3036 463 3099 Academici)
491 3041 596 3090 omuibus
613 3043 663 3089 siue
703 3043 813 3103 reperiri,
836 3043 897 3090 idem
922 3048 943 3089 te
967 3042 1103 3111 comperisse
1121 3042 1217 3090 diemes.

150 3109 203 3160 cllo.
218 3111 291 3172 specie
309 3114 376 3170 atque
395 3115 507 3157 carentem
524 3109 586 3156 omui
604 3123 661 3172 quo·
705 3104 824 3167 Hautger
846 3105 912 3154 wird
936 3103 977 3154 bei
1001 3102 1101 3154 solclrcu
1120 3103 1218 3167 Gegen-

151 3176 215 3223 litote
231 3177 350 3224 motorium
368 3177 490 3238 quandem,
512 3191 541 3224 ee
558 3190 661 3239 queem·
704 3172 906 3235 ribcrstelluugen
930 3172 976 3222 das
1006 3180 1073 3222 erste
1097 3171 1171 3223 Glied
1192 3173 1219 3222 in

101 3266 109 3277 x
150 3245 190 3290 oio
208 3256 316 3304 represso
334 3248 401 3304 atque
419 3245 493 3305 efficto
517 3246 579 3292 sict:
604 3259 662 3306 quoe
704 3240 858 3291 Formeines
871 3240 1062 3297 Relativsatzes.
1079 3239 1124 3290 der
1137 3240 1218 3291 eincm

151 3317 199 3358 toto
217 3311 292 3357 tritinia
310 3309 516 3372 occipereoossit,
544 3312 661 3359 comittu-
706 3308 911 3358 Concessissetze
930 3307 1009 3370 gleich
1035 3308 1092 3370 gilt,
1120 3316 1218 3370 gesetzt

151 3393 194 3440 que
211 3379 285 3426 modis
302 3378 387 3424 moturi
403 3383 472 3439 atquo
487 3394 516 3425 ee
528 3380 662 3440 omniporto
705 3377 755 3425 und
774 3377 835 3425 uach
854 3375 947 3425 diesem
966 3376 991 3424 in
1009 3376 1065 3424 dem
1084 3375 1216 3437 folgenden

151 3451 192 3493 ete.
227 3441 284 3504 Vgl.
309 3439 373 3490 Plat.
402 3439 498 3491 Titnae.
528 3456 555 3506 p.
578 3444 608 3492 51
629 3443 658 3492 Α.
705 3443 881 3511 adversativen
896 3443 983 3493 Gliede
1003 3443 1042 3493 die
1060 3442 1216 3494 betreli'ende

151 3508 226 3559 Diese
251 3509 403 3563 Urmaterie.
429 3523 474 3559 eus
492 3507 603 3559 weteler
621 3509 661 3560 die
704 3510 812 3567 Person,
841 3510 881 3560 die
904 3512 1008 3572 vertier,
1036 3512 1119 3561 scies
1138 3511 1216 3562 durch

151 3584 320 3639 sogeuanuteu
335 3576 391 3626 vier
405 3576 534 3627 Elemeute
551 3578 599 3626 und
612 3577 661 3628 elle
704 3578 778 3627 Prou.
807 3580 941 3629 demonstr.
970 3578 1014 3628 sei
1033 3594 1061 3628 es
1080 3578 1156 3628 durch
1175 3580 1216 3629 ein

151 3644 255 3707 dhrigen
278 3643 433 3694 materiellen
456 3645 535 3707 Dioge
557 3646 661 3695 lrervor·
703 3643 798 3695 Nomen
816 3646 962 3696 bezeichuet
980 3661 1047 3705 war,
1079 3646 1157 3696 durclr
1175 3647 1216 3697 ein

150 3714 245 3774 gehen,
272 3713 312 3762 die
336 3713 398 3762 aber
423 3713 502 3763 selbst
524 3714 587 3763 ohne
611 3713 659 3762 alle
703 3712 928 3780 Demonstrativpr.
957 3713 1007 3764 wie
1030 3718 1051 3765 is
1075 3714 1138 3764 oder
1154 3719 1216 3768 idem

95 3843 99 3851 ι
149 3779 289 3830 bestimmtc
317 3779 430 3845 Qualitdt
456 3781 502 3839 ist,
532 3781 588 3829 eine
612 3773 658 3842 dtu
703 3781 827 3831 chermela
850 3781 1009 3840 bezeichuet,
1035 3781 1086 3831 wic
1111 3782 1174 3832 oben
1193 3780 1210 3840 Ι,

150 3841 260 3904 ἄποιος,
285 3848 319 3897 ist
336 3849 398 3897 auch
417 3848 465 3898 den
484 3847 601 3898 Stoikeru
618 3847 659 3897 die
702 3850 725 3906 8,
747 3850 788 3902 20.
810 3851 850 3907 22,
871 3853 912 3902 61.

151 3909 658 3985 οὖσίατώνὸντωνὰπάντων,ἡπρώτη
736 3921 894 3983 dispertiri-
907 3909 1011 3971 somnio(
1028 3914 1085 3979 Vgl.
1105 3916 1136 3967 de
1154 3915 1214 3966 niv.
1252 3977 1258 3988 ι

147 3975 204 4044 ὕλῃ,
241 3982 314 4046 Diog.
334 3982 364 4033 L.
384 3978 438 4041 vlt,
460 3985 508 4036 lod
525 3981 575 4046 vgl.
600 3984 658 4036 ret.
701 3983 712 4035 Ι
729 3999 752 4034 c.
772 3986 804 4037 lt)
820 3984 845 4034 lt.
