2640 4418
172 309 232 372 136
458 375 460 381 ,
522 321 566 371 ΒΕ
584 319 719 371 Narona
737 320 883 372 Duorum.

168 484 200 546 nt
229 477 308 555 apud
331 475 461 537 Graecos
483 474 607 536 Dianam
635 493 759 554 eamque
780 475 966 550 Luciferam,
999 474 1044 536 sio
1072 477 1151 556 apud
1179 497 1235 539 no-

168 568 248 622 stros
269 562 414 622 lunonem
435 559 580 622 Lucinam
608 559 640 620 in
667 560 823 639 pariendo=
840 560 993 622 invocant:
1025 579 1101 640 quae
1130 564 1236 624 eadem

167 645 266 721 Diana
283 650 440 724 omniooqo
461 644 580 718 dieitur,
602 662 663 705 non
686 663 703 705 a
724 645 870 716 venando,
893 644 947 706 sed
963 645 1043 724 quod
1065 646 1097 708 in
1119 658 1235 727 septem

123 739 342 795 denumeratur
376 740 524 809 tamquam
541 730 744 808 ,oopontihoa
793 728 886 790 Diana
914 729 1006 803 diota,
1044 731 1113 810 quia
1143 742 1235 796 noctu

168 814 253 894 quasi
282 817 358 878 diem
379 816 523 877 efficeret.
565 814 731 876 hdhrhetur
758 822 857 875 autern
885 814 921 875 ad
949 825 1070 895 partus,
1102 812 1197 896 quod'
1212 818 1235 880 ii

166 909 370 977 maturescunt
402 908 453 960 aut
485 907 600 978 septem
628 917 851 978 nonnumquam
882 907 948 973 aut,
982 908 1014 960 ut
1044 901 1232 982 pierumque,

166 1002 273 1045 novem
302 984 391 1046 lunae
420 983 573 1055 oursihuS,
608 983 674 1063 qui,
708 983 776 1062 quia
805 1002 909 1045 menso
936 985 1032 1063 spatia
1059 987 1234 1060 conficiunt,

164 1087 281 1130 menses
303 1068 504 1130 nominantur.
549 1069 777 1147 concinneque,
802 1076 832 1129 ut
853 1068 960 1142 multa,
991 1069 1145 1145 Timaeus,
1180 1073 1231 1152 qui
1291 1085 1294 1090 ·

138 1172 256 1233 aequum
277 1153 309 1214 in
330 1153 456 1215 historia
479 1153 619 1226 dixisset,
649 1170 706 1230 qua
734 1163 821 1213 noete
844 1161 931 1215 natus
954 1162 1035 1215 esset
1055 1155 1233 1228 Alexander,

164 1239 267 1307 eadem
290 1237 402 1299 Dianae
424 1237 574 1317 Ephesiae
597 1237 736 1316 templum
761 1237 988 1314 deflagravisse,
1020 1239 1153 1301 adiunxit
1174 1241 1232 1302 mi-

163 1322 244 1384 nime
267 1322 297 1383 id
321 1342 388 1384 esse
410 1323 595 1394 mirandum,
619 1320 697 1401 quod
721 1320 831 1395 Diana,
855 1340 945 1401 quum
968 1321 999 1383 in
1020 1335 1108 1403 partu
1131 1325 1232 1405 Olym·

163 1407 263 1485 piadis
292 1408 398 1469 adesse
424 1406 584 1478 voluisset,
618 1406 764 1467 abfuisset
791 1407 891 1468 domo.
942 1408 1025 1490 Quae
1054 1418 1152 1470 autem
1174 1409 1232 1471 dea

162 1493 271 1569 adres
294 1511 398 1552 omnes
421 1491 722 1564 veniret,.Venerem
745 1491 840 1551 nostri
869 1491 1112 1565 nominaverunt,
1141 1503 1232 1574 atque

107 1570 152 1640 28
169 1595 205 1637 ex
227 1596 261 1637 ea
284 1577 384 1656 potius
407 1588 546 1637 venustas
570 1594 658 1654 quam
679 1576 777 1636 Venus
807 1594 841 1636 ex
864 1585 1041 1648 venustate,
1075 1578 1232 1642 Videtisne

119 1671 149 1720 ιθ
163 1660 262 1738 igitur,
286 1669 318 1722 ut
340 1680 356 1722 a
379 1659 511 1740 physicis
533 1660 623 1721 rebus
640 1659 717 1721 bone
740 1669 828 1739 atque
850 1660 965 1722 utiliter
985 1662 1114 1723 inventis
1135 1672 1230 1724 tracta

162 1746 238 1806 ratio
266 1746 305 1806 sit
333 1745 370 1805 ad
402 1746 627 1806 commenticios
657 1753 687 1806 et
714 1745 800 1806 fictos
828 1742 925 1806 deos?
956 1765 1103 1825 quaeres
1126 1748 1232 1825 genuit

161 1830 252 1891 salsas
271 1829 430 1909 opiniones
448 1829 827 1909 erroresquesturhulentos
842 1838 872 1893 et
887 1830 1117 1909 superstitiones
1132 1851 1231 1912 paene

161 1915 266 1976 aniles.
309 1914 351 1980 Et,
369 1915 482 1975 formae
506 1914 584 1976 enim
607 1913 695 1975 nohis
719 1915 842 1976 deorum
865 1923 895 1975 et
917 1923 1030 1976 aetates
1053 1916 1231 1982 etvestitus

162 2010 344 2078 ornatusque
360 1999 424 2059 noti
440 2006 518 2070 sunt,
542 2017 649 2076 genera
665 2009 830 2077 praeterea,
854 2000 1230 2078 coniugiaoognationes,

155 2085 320 2162 omniaque
350 2080 483 2144 traducta
513 2085 548 2144 ad
571 2083 797 2145 similitudinem
825 2078 1229 2148 imbecillitatishumanae:

162 2187 230 2230 nam
246 2168 283 2229 ”et
305 2167 486 2247 perturbatis
509 2167 616 2228 animis
639 2168 836 2229 inducuntur:
860 2167 1031 2246 accepimns
1053 2169 1132 2235 enim
1154 2171 1229 2230 deo-

158 2271 224 2313 rum
248 2252 436 2331 cupiditates‚
461 2251 671 2329 aegritudines,
695 2253 878 2314 iracundias:
894 2271 962 2313 ‘neo
984 2272 1064 2327 vero,
1088 2264 1119 2314 nt
1141 2254 1226 2315 tabu·

156 2337 204 2398 lae
226 2338 339 2410 ferunt,
362 2336 449 2398 bellis
472 2335 653 2416 praeliisque
676 2350 849 2412 caruerunt,
879 2356 935 2400 neo
957 2338 1071 2413 sotum,
1094 2347 1126 2400 ut
1148 2341 1226 2418 apud

156 2423 335 2493 Homerum,
369 2440 457 2500 quum
488 2421 546 2499 dno
580 2421 726 2483 exercitus
755 2423 921 2483 contrarios
952 2420 1007 2484 alii
1033 2424 1073 2484 dii
1106 2443 1140 2485 ex
1169 2425 1225 2484 alia

192 2541 400 2604 Dianameemque
417 2541 557 2604 Luciferam:
584 2531 670 2606 Ἄρτι·
714 2537 759 2588 das
777 2537 820 2587 Gr.
835 2532 892 2606 μήν
910 2555 933 2588 u.
946 2534 1028 2607 μήνη,
1042 2540 1228 2607 ,ιιιιθιΜοιιιΙ

157 2620 207 2723 ptr
224 2599 384 2722 φωσφόὲον
400 2605 461 2654 oder
485 2600 666 2673 σελασφόρον.
713 2605 762 2654 und
779 2605 899 2654 Monet.

169 2689 184 2722 u
204 2673 312 2723 Cicero's
352 2673 387 2721 eit
404 2672 539 2736 allerdings
557 2672 609 2734 galt
622 2673 669 2721 Ar·
747 2676 850 2724 Timaeus
868 2687 913 2721 aus
926 2671 1119 2722 Tauromenium
1132 2676 1179 2723 auf
1186 2675 1228 2725 Si-

157 2741 230 2790 temis
247 2741 288 2790 hei
307 2741 353 2790 den
368 2739 669 2790 GrieehenalsGehurts-
711 2738 798 2797 ciiien,
827 2737 1089 2799 Gesohiohtsohreiher
1115 2758 1146 2791 zu
1166 2743 1223 2791 Ani.

157 2809 249 2871 gdttin,
277 2809 331 2859 eine
350 2808 484 2867 Funotion,
512 2809 552 2857 die
574 2807 614 2857 ihr
631 2808 669 2858 als
712 2807 756 2856 des
775 2809 798 2858 3.
811 2807 900 2857 dahrh.
914 2824 939 2857 v.
952 2807 1011 2858 Chr.
1032 2838 1064 2846 —
1081 2808 1134 2859 Der
1151 2808 1227 2859 Tern—

156 2877 310 2940 Mondgdttin
346 2877 540 2940 zugesohriehen
569 2877 666 2927 wurde.
711 2874 752 2941 pel
778 2892 810 2925 zu
831 2875 945 2942 Ephesus
968 2877 1058 2926 wurde
1087 2893 1136 2926 von
1169 2879 1225 2928 dem

156 2944 200 2994 Als
217 2945 373 3007 Mondgdttin
397 2945 459 2994 aher
481 2944 568 2994 stellen
592 2945 668 2995 sehon
711 2943 834 3010 Ephesier
859 2942 1039 2995 Herostrat
1057 2946 1223 3008 angezdndet,

156 3013 196 3062 die
215 3012 340 3076 Tragiker
357 3013 393 3064 sie
414 3014 468 3063 dar.
712 3013 757 3062 der
774 3013 826 3067 sieh
845 3013 892 3062 aui
905 3013 1075 3064 dieseWeise
1094 3014 1166 3063 einen
1180 3031 1225 3063 nn-

188 3111 335 3169 vayamibm’
356 3104 409 3155 scil·
431 3110 504 3158 steph-3
523 3105 546 3153 d·
567 3105 591 3154 h.
619 3094 667 3155 dep
711 3080 1223 3145 vergdnghohenNamensiohernwollte,

154 3169 283 3222 pinnehen,
322 3173 391 3223 0th
408 3172 516 3223 zwepfel
540 3172 602 3222 ab„
625 3174 668 3224 hat
709 3164 764 3199 was
790 3149 838 3198 ihnr
863 3149 926 3198 denn
952 3148 1013 3196 auch
1038 3144 1161 3209 gelungen
1180 3149 1223 3199 ist.

155 3239 201 3289 der
212 3239 312 3290 Stoiher
329 3242 375 3290 mit
392 3240 476 3289 dieser
488 3239 604 3300 Deutung
619 3239 666 3289 'des
709 3216 766 3277 le·
788 3216 864 3265 8⁰5⁰·
887 3231 908 3263 ⁰·
929 3216 969 3264 40·

80 3309 83 3313 ’
154 3308 302 3359 Beinamens
320 3308 436 3372 Unqeoht.
746 3287 857 3334 mm
892 3281 956 3329 ”³⁵⁵
982 3281 1027 3330 der
1053 3279 1132 3332 Nam
1157 3285 1225 3333 ”im

684 3364 756 3404 ¹von
774 3355 850 3401 venire
867 3355 983 3407 stamme,
1010 3349 1043 3400 ist
1071 3351 1161 3400 ehenso
1180 3366 1226 3414 ge·
1279 3385 1281 3389 -

187 3403 228 3481 69·
248 3406 324 3479 Dfotw
343 3428 372 3437 -
392 3404 447 3476 ‘tufa
464 3417 486 3449 '²-
498 3417 519 3464 ιι·
533 3402 610 3450 (ΗΜ
628 3405 664 3466 ‘'d-
707 3415 777 3472 wiss,
799 3416 836 3466 als
854 3431 882 3466 es
891 3417 1019 3479 ungowiss
1029 3417 1069 3477 ist,
1087 3420 1174 3470 woher
1192 3434 1225 3468 er

152 3468 230 3519 Denn
254 3468 317 3530 hegt
339 3480 560 3529 gewissermassen
585 3472 666 3519 etwas
707 3483 822 3534 wirfflch
841 3491 952 3534 stamme,

151 3535 274 3588 Wahres.
310 3539 385 3587 Diona
403 3534 481 3583 heisst
504 3549 530 3583 so
549 3533 599 3583 viel
626 3533 664 3584 als
740 3547 795 3607 23·
814 3553 856 3604 το,
883 3571 897 3604 α
918 3557 1019 3619 physicis
1046 3559 1113 3606 rebus
1135 3583 1159 3590 κ
1182 3560 1233 3610 ’.η-ι

152 3604 356 3655 himmlisohe
374 3601 599 3664 Liohtgdttin‚
616 3618 664 3652 von
706 3613 1021 3682 „eugipxmvongutffioq
1036 3610 1222 3684 richfigenunffl

152 3668 664 3736 ⁸10¹ss21¹0.2‚4‘hesi’fflsshffl‘sswffl'i‘
706 3686 847 3738 ndtzliehen
870 3687 1109 3752 Wahrnehmungen
1136 3690 1222 3758 physi-

151 3749 247 3790 Siffl'lffl·
484 3792 486 3796 Α
704 3756 780 3814 soher
797 3755 1005 3819 Gegenstdnde.“

184 3841 279 3874 menses.
315 3823 367 3873 Der
384 3821 463 3873 Narne
487 3825 530 3872 hat
546 3822 591 3872 mit
608 3822 664 3872 dom
739 3830 789 3877 nott
805 3835 870 3888 sunt,
895 3825 940 3874 urit
962 3823 1058 3877 ironie:
1088 3824 1137 3875 wir
1160 3824 1220 3874 thun

149 3890 219 3941 Part.
230 3909 321 3942 mensur
333 3892 412 3941 niohts
430 3891 534 3954 gemein,
556 3890 663 3940 sondern
706 3889 867 3943 els!kennten
886 3892 937 3942 wir
954 3892 999 3942 sie.

147 3966 249 4008 stamnrt
265 3974 313 4008 von
337 3959 468 4009 denselhen
486 3957 596 4011 Wurael
612 3958 663 4023 wp'e
739 3967 802 4027 optrd
818 3965 946 4014 Homerum.
981 3959 1009 4010 ss.
1030 3959 1091 4018 XX,
1105 3961 1142 4017 ,67
1157 3957 1182 4008 ff.
