<?xml version="1.0" encoding="UTF-8"?>
<!DOCTYPE html PUBLIC "-//W3C//DTD XHTML 1.0 Transitional//EN"
    "http://www.w3.org/TR/xhtml1/DTD/xhtml1-transitional.dtd">
<html xmlns="http://www.w3.org/1999/xhtml" xml:lang="en" lang="en">
 <head>
  <title>
</title>
<meta http-equiv="Content-Type" content="text/html;charset=utf-8" />
  <meta name='ocr-system' content='tesseract 3.04.00' />
  <meta name='ocr-capabilities' content='ocr_page ocr_carea ocr_par ocr_line ocrx_word'/>
</head>
<body>
  <div class='ocr_page' id='page_1' title='image "./mtulliciceronis07cicegoog/mtulliciceronis07cicegoog_0167.png"; bbox 0 0 2640 4418; ppageno 0'>
   <div class='ocr_carea' id='block_1_1' title="bbox 175 302 995 388">
    <p class='ocr_par' dir='ltr' id='par_1_1' title="bbox 175 302 995 388">
     <span class='ocr_line' id='line_1_1' title="bbox 175 302 995 388; baseline -0.002 -5"><span class='ocrx_word' id='word_1_1' title='bbox 175 321 236 383; x_wconf 82' lang='grc'><em>156</em></span> <span class='ocrx_word' id='word_1_2' title='bbox 448 385 450 388; x_wconf 71' lang='grc'><strong>,</strong></span> <span class='ocrx_word' id='word_1_3' title='bbox 523 330 566 381; x_wconf 83' lang='lat' dir='ltr'><em>nu</em></span> <span class='ocrx_word' id='word_1_4' title='bbox 584 328 720 381; x_wconf 71' lang='lat' dir='ltr'><em>Neruas</em></span> <span class='ocrx_word' id='word_1_5' title='bbox 738 329 884 382; x_wconf 82' lang='lat' dir='ltr'><em>nuouuu.</em></span> <span class='ocrx_word' id='word_1_6' title='bbox 980 302 995 317; x_wconf 80' lang='lat'>&#39;</span> 
     </span>
    </p>
   </div>
   <div class='ocr_carea' id='block_1_2' title="bbox 110 483 1250 3088">
    <p class='ocr_par' dir='ltr' id='par_1_2' title="bbox 173 483 1160 902">
     <span class='ocr_line' id='line_1_2' title="bbox 173 483 971 563; baseline -0.014 -16"><span class='ocrx_word' id='word_1_7' title='bbox 173 488 246 548; x_wconf 89' lang='lat' dir='ltr'><em>Post</em></span> <span class='ocrx_word' id='word_1_8' title='bbox 267 485 367 563; x_wconf 87' lang='lat' dir='ltr'><em>Lepus</em></span> <span class='ocrx_word' id='word_1_9' title='bbox 389 483 532 562; x_wconf 80' lang='lat' dir='ltr'><em>sequitsu,</em></span> <span class='ocrx_word' id='word_1_10' title='bbox 966 549 971 558; x_wconf 26' lang='grc' dir='ltr'>Ι</span> 
     </span>
     <span class='ocr_line' id='line_1_3' title="bbox 217 568 1018 647; baseline -0.005 -16"><span class='ocrx_word' id='word_1_11' title='bbox 217 569 405 632; x_wconf 90' lang='lat' dir='ltr'><em>curriculum</em></span> <span class='ocrx_word' id='word_1_12' title='bbox 426 568 723 647; x_wconf 69' lang='lat' dir='ltr'><em>crumenam-defecto</em></span> <span class='ocrx_word' id='word_1_13' title='bbox 739 585 877 646; x_wconf 66' lang='lat' dir='ltr'><em>‚corpore</em></span> <span class='ocrx_word' id='word_1_14' title='bbox 899 569 1018 628; x_wconf 89' lang='lat' dir='ltr'><em>sedans.</em></span> 
     </span>
     <span class='ocr_line' id='line_1_4' title="bbox 216 651 1160 732; baseline -0.003 -16"><span class='ocrx_word' id='word_1_15' title='bbox 216 657 254 716; x_wconf 79' lang='lat' dir='ltr'><em>dt</em></span> <span class='ocrx_word' id='word_1_16' title='bbox 278 654 367 714; x_wconf 83' lang='lat' dir='ltr'><em>Canis</em></span> <span class='ocrx_word' id='word_1_17' title='bbox 391 653 430 713; x_wconf 89' lang='lat' dir='ltr'><em>ool</em></span> <span class='ocrx_word' id='word_1_18' title='bbox 451 653 577 713; x_wconf 88' lang='lat' dir='ltr'><em>coudcm</em></span> <span class='ocrx_word' id='word_1_19' title='bbox 598 669 722 730; x_wconf 86' lang='lat' dir='ltr'><em>serpens</em></span> <span class='ocrx_word' id='word_1_20' title='bbox 741 651 920 732; x_wconf 79' lang='lat' dir='ltr'><em>prolabitur</em></span> <span class='ocrx_word' id='word_1_21' title='bbox 940 652 1033 730; x_wconf 79' lang='lat' dir='ltr'><em>Arpo.</em></span> <span class='ocrx_word' id='word_1_22' title='bbox 1057 683 1098 694; x_wconf 88' lang='lat'><em>-</em></span> <span class='ocrx_word' id='word_1_23' title='bbox 1122 683 1160 694; x_wconf 91' lang='grc'>-</span> 
     </span>
     <span class='ocr_line' id='line_1_5' title="bbox 197 736 1020 823; baseline -0.005 -21"><span class='ocrx_word' id='word_1_24' title='bbox 197 738 302 803; x_wconf 76' lang='lat' dir='ltr'><em>,Hanc</em></span> <span class='ocrx_word' id='word_1_25' title='bbox 324 737 410 823; x_wconf 76' lang='lat' dir='ltr'><em>Aries</em></span> <span class='ocrx_word' id='word_1_26' title='bbox 435 741 505 815; x_wconf 78' lang='lat' dir='ltr'><em>lepil</em></span> <span class='ocrx_word' id='word_1_27' title='bbox 525 747 552 798; x_wconf 89' lang='lat' dir='ltr'><em>et</em></span> <span class='ocrx_word' id='word_1_28' title='bbox 574 754 732 817; x_wconf 80' lang='lat' dir='ltr'><em>squamoso</em></span> <span class='ocrx_word' id='word_1_29' title='bbox 757 754 885 816; x_wconf 87' lang='lat' dir='ltr'><em>corpore</em></span> <span class='ocrx_word' id='word_1_30' title='bbox 906 736 1020 808; x_wconf 78' lang='lat' dir='ltr'><em>Pisces,</em></span> 
     </span>
     <span class='ocr_line' id='line_1_6' title="bbox 215 820 1039 902; baseline -0.002 -18"><span class='ocrx_word' id='word_1_31' title='bbox 215 824 352 902; x_wconf 73' lang='lat' dir='ltr'><em>fluminis</em></span> <span class='ocrx_word' id='word_1_32' title='bbox 375 820 495 882; x_wconf 80' lang='lat' dir='ltr'><em>illustri</em></span> <span class='ocrx_word' id='word_1_33' title='bbox 515 830 669 901; x_wconf 78' lang='lat' dir='ltr'><em>tenpentes</em></span> <span class='ocrx_word' id='word_1_34' title='bbox 692 838 822 901; x_wconf 87' lang='lat' dir='ltr'><em>corpore</em></span> <span class='ocrx_word' id='word_1_35' title='bbox 844 826 940 902; x_wconf 88' lang='lat' dir='ltr'><em>ripos.</em></span> <span class='ocrx_word' id='word_1_36' title='bbox 1036 870 1039 875; x_wconf 94' lang='lat'><em>.</em></span> 
     </span>
    </p>

    <p class='ocr_par' dir='ltr' id='par_1_3' title="bbox 176 904 1161 1325">
     <span class='ocr_line' id='line_1_7' title="bbox 176 904 1060 989; baseline 0 -23"><span class='ocrx_word' id='word_1_37' title='bbox 176 907 271 979; x_wconf 83' lang='lat' dir='ltr'>Quem</span> <span class='ocrx_word' id='word_1_38' title='bbox 293 906 382 983; x_wconf 83' lang='lat' dir='ltr'><em>longe</em></span> <span class='ocrx_word' id='word_1_39' title='bbox 405 912 575 983; x_wconf 80' lang='lat' dir='ltr'>serpentem</span> <span class='ocrx_word' id='word_1_40' title='bbox 598 912 628 965; x_wconf 88' lang='lat' dir='ltr'><em>et</em></span> <span class='ocrx_word' id='word_1_41' title='bbox 649 914 819 965; x_wconf 78' lang='lat' dir='ltr'><strong>manantem</strong></span> <span class='ocrx_word' id='word_1_42' title='bbox 842 904 1003 985; x_wconf 83' lang='lat' dir='ltr'><em>adspicies,</em></span> <span class='ocrx_word' id='word_1_43' title='bbox 1046 974 1060 989; x_wconf 56' lang='lat'>‚</span> 
     </span>
     <span class='ocr_line' id='line_1_8' title="bbox 217 988 797 1069; baseline -0.002 -19"><span class='ocrx_word' id='word_1_44' title='bbox 217 1024 256 1033; x_wconf 94' lang='lat'><em>-—</em></span> <span class='ocrx_word' id='word_1_45' title='bbox 279 1023 320 1032; x_wconf 87' lang='lat'><em>-</em></span> <span class='ocrx_word' id='word_1_46' title='bbox 340 1007 528 1069; x_wconf 66' lang='lat' dir='ltr'><em>proceroque</em></span> <span class='ocrx_word' id='word_1_47' title='bbox 553 988 655 1049; x_wconf 69' lang='lat' dir='ltr'><em>limlo</em></span> <span class='ocrx_word' id='word_1_48' title='bbox 676 990 797 1060; x_wconf 82' lang='lat' dir='ltr'><em>videbis,</em></span> 
     </span>
     <span class='ocr_line' id='line_1_9' title="bbox 217 1072 1161 1154; baseline -0.003 -19"><span class='ocrx_word' id='word_1_49' title='bbox 217 1093 290 1154; x_wconf 80' lang='lat' dir='ltr'><em>quoe</em></span> <span class='ocrx_word' id='word_1_50' title='bbox 313 1076 444 1134; x_wconf 78' lang='lat' dir='ltr'><em>retinent</em></span> <span class='ocrx_word' id='word_1_51' title='bbox 465 1072 563 1135; x_wconf 83' lang='lat' dir='ltr'><em>Pisces</em></span> <span class='ocrx_word' id='word_1_52' title='bbox 587 1074 754 1135; x_wconf 80' lang='lat' dir='ltr'><em>condacum</em></span> <span class='ocrx_word' id='word_1_53' title='bbox 775 1091 794 1132; x_wconf 91' lang='lat' dir='ltr'><em>o</em></span> <span class='ocrx_word' id='word_1_54' title='bbox 812 1082 903 1151; x_wconf 88' lang='lat' dir='ltr'><em>porte</em></span> <span class='ocrx_word' id='word_1_55' title='bbox 926 1073 1006 1134; x_wconf 87' lang='lat' dir='ltr'><em>locut</em></span> <span class='ocrx_word' id='word_1_56' title='bbox 1027 1117 1034 1132; x_wconf 92' lang='lat'><strong>.</strong></span> <span class='ocrx_word' id='word_1_57' title='bbox 1058 1105 1098 1116; x_wconf 90' lang='lat'><em>-</em></span> <span class='ocrx_word' id='word_1_58' title='bbox 1120 1104 1161 1116; x_wconf 90' lang='lat'><em>-·</em></span> 
     </span>
     <span class='ocr_line' id='line_1_10' title="bbox 216 1156 1068 1237; baseline -0.001 -18"><span class='ocrx_word' id='word_1_59' title='bbox 216 1159 290 1220; x_wconf 90' lang='lat' dir='ltr'><em>lude</em></span> <span class='ocrx_word' id='word_1_60' title='bbox 313 1157 414 1237; x_wconf 84' lang='lat' dir='ltr'><em>Nepae</em></span> <span class='ocrx_word' id='word_1_61' title='bbox 438 1176 539 1218; x_wconf 88' lang='lat' dir='ltr'><em>cernes</em></span> <span class='ocrx_word' id='word_1_62' title='bbox 559 1166 689 1236; x_wconf 87' lang='lat' dir='ltr'><em>propter</em></span> <span class='ocrx_word' id='word_1_63' title='bbox 710 1156 855 1234; x_wconf 79' lang='lat' dir='ltr'><em>fulpentis</em></span> <span class='ocrx_word' id='word_1_64' title='bbox 878 1176 1002 1218; x_wconf 85' lang='lat' dir='ltr'><em>acumen</em></span> <span class='ocrx_word' id='word_1_65' title='bbox 1064 1176 1068 1184; x_wconf 90' lang='lat'><em>·</em></span> 
     </span>
     <span class='ocr_line' id='line_1_11' title="bbox 217 1241 1118 1325; baseline -0.004 -21"><span class='ocrx_word' id='word_1_66' title='bbox 217 1243 319 1312; x_wconf 81' lang='lat' dir='ltr'><em>Aram,</em></span> <span class='ocrx_word' id='word_1_67' title='bbox 343 1261 430 1320; x_wconf 83' lang='lat' dir='ltr'><em>quom</em></span> <span class='ocrx_word' id='word_1_68' title='bbox 451 1243 531 1320; x_wconf 70' lang='lat' dir='ltr'><em>fletu</em></span> <span class='ocrx_word' id='word_1_69' title='bbox 549 1241 719 1320; x_wconf 89' lang='lat' dir='ltr'><em>permulcet</em></span> <span class='ocrx_word' id='word_1_70' title='bbox 740 1244 870 1320; x_wconf 86' lang='lat' dir='ltr'><em>spiritus</em></span> <span class='ocrx_word' id='word_1_71' title='bbox 893 1244 1024 1325; x_wconf 76' lang='lat' dir='ltr'><em>riustri.¹</em></span> <span class='ocrx_word' id='word_1_72' title='bbox 1116 1287 1118 1300; x_wconf 63' lang='lat'><em>,</em></span> 
     </span>
    </p>

    <p class='ocr_par' dir='ltr' id='par_1_4' title="bbox 174 1326 1131 1573">
     <span class='ocr_line' id='line_1_12' title="bbox 174 1326 550 1406; baseline -0.013 -16"><span class='ocrx_word' id='word_1_73' title='bbox 174 1329 361 1406; x_wconf 87' lang='lat' dir='ltr'><em>Propterque</em></span> <span class='ocrx_word' id='word_1_74' title='bbox 385 1326 550 1386; x_wconf 86' lang='lat' dir='ltr'><em>Centaurus</em></span> 
     </span>
     <span class='ocr_line' id='line_1_13' title="bbox 218 1407 1043 1490; baseline -0.006 -17"><span class='ocrx_word' id='word_1_75' title='bbox 218 1412 303 1480; x_wconf 86' lang='lat' dir='ltr'><em>cedit,</em></span> <span class='ocrx_word' id='word_1_76' title='bbox 325 1410 404 1490; x_wconf 76' lang='lat' dir='ltr'><em>Equi</em></span> <span class='ocrx_word' id='word_1_77' title='bbox 420 1421 524 1488; x_wconf 90' lang='lat' dir='ltr'><em>portes</em></span> <span class='ocrx_word' id='word_1_78' title='bbox 544 1427 717 1488; x_wconf 81' lang='lat' dir='ltr'><em>properans</em></span> <span class='ocrx_word' id='word_1_79' title='bbox 741 1411 921 1487; x_wconf 76' lang='lat' dir='ltr'><em>suliunpere</em></span> <span class='ocrx_word' id='word_1_80' title='bbox 943 1407 1043 1469; x_wconf 83' lang='lat' dir='ltr'><em>clele&#39;e.</em></span> 
     </span>
     <span class='ocr_line' id='line_1_14' title="bbox 210 1493 1131 1573; baseline -0.001 -17"><span class='ocrx_word' id='word_1_81' title='bbox 210 1496 272 1556; x_wconf 86' lang='lat' dir='ltr'><em>-Hic</em></span> <span class='ocrx_word' id='word_1_82' title='bbox 295 1496 434 1557; x_wconf 86' lang='lat' dir='ltr'><em>deutrum</em></span> <span class='ocrx_word' id='word_1_83' title='bbox 453 1511 594 1572; x_wconf 77' lang='lat' dir='ltr'><em>porpens,</em></span> <span class='ocrx_word' id='word_1_84' title='bbox 618 1493 789 1573; x_wconf 78' lang='lat' dir='ltr'><em>quadrupes</em></span> <span class='ocrx_word' id='word_1_85' title='bbox 812 1512 870 1572; x_wconf 78' lang='lat' dir='ltr'><em>quo</em></span> <span class='ocrx_word' id='word_1_86' title='bbox 892 1502 979 1555; x_wconf 84' lang='lat' dir='ltr'><em>coslo</em></span> <span class='ocrx_word' id='word_1_87' title='bbox 1002 1503 1131 1568; x_wconf 74' lang='lat' dir='ltr'><em>tenetur,</em></span> 
     </span>
    </p>

    <p class='ocr_par' dir='ltr' id='par_1_5' title="bbox 127 1570 1033 1650">
     <span class='ocr_line' id='line_1_15' title="bbox 127 1570 1033 1650; baseline -0.003 -9"><span class='ocrx_word' id='word_1_88' title='bbox 127 1590 129 1595; x_wconf 76' lang='grc'>’</span> <span class='ocrx_word' id='word_1_89' title='bbox 217 1579 311 1641; x_wconf 84' lang='lat' dir='ltr'><em>tendit</em></span> <span class='ocrx_word' id='word_1_90' title='bbox 334 1589 362 1640; x_wconf 94' lang='lat' dir='ltr'><em>et</em></span> <span class='ocrx_word' id='word_1_91' title='bbox 383 1570 536 1638; x_wconf 80' lang='lat' dir='ltr'><em>illustrem</em></span> <span class='ocrx_word' id='word_1_92' title='bbox 558 1578 749 1641; x_wconf 88' lang='lat' dir='ltr'><em>truculentus</em></span> <span class='ocrx_word' id='word_1_93' title='bbox 774 1579 849 1638; x_wconf 82' lang='lat' dir='ltr'><em>cedit</em></span> <span class='ocrx_word' id='word_1_94' title='bbox 869 1578 909 1638; x_wconf 90' lang='lat' dir='ltr'><em>od</em></span> <span class='ocrx_word' id='word_1_95' title='bbox 929 1595 1033 1650; x_wconf 72' lang='lat' dir='ltr'><em>oreon,</em></span> 
     </span>
    </p>

    <p class='ocr_par' dir='ltr' id='par_1_6' title="bbox 219 1661 982 1741">
     <span class='ocr_line' id='line_1_16' title="bbox 219 1661 982 1741; baseline -0.005 -17"><span class='ocrx_word' id='word_1_96' title='bbox 219 1664 268 1724; x_wconf 84' lang='lat' dir='ltr'><em>lcic&#39;</em></span> <span class='ocrx_word' id='word_1_97' title='bbox 287 1681 350 1724; x_wconf 90' lang='lat' dir='ltr'><em>sese</em></span> <span class='ocrx_word' id='word_1_98' title='bbox 372 1663 505 1738; x_wconf 81' lang='lat' dir='ltr'><em>infernis</em></span> <span class='ocrx_word' id='word_1_99' title='bbox 529 1663 563 1723; x_wconf 90' lang='lat' dir='ltr'><em>de</em></span> <span class='ocrx_word' id='word_1_100' title='bbox 581 1663 724 1741; x_wconf 85' lang='lat' dir='ltr'><em>portibus</em></span> <span class='ocrx_word' id='word_1_101' title='bbox 748 1664 837 1740; x_wconf 79' lang='lat' dir='ltr'><em>eripit</em></span> <span class='ocrx_word' id='word_1_102' title='bbox 858 1661 982 1740; x_wconf 73' lang='lat' dir='ltr'><em>Hydros</em></span> 
     </span>
    </p>

    <p class='ocr_par' dir='ltr' id='par_1_7' title="bbox 176 1746 958 1994">
     <span class='ocr_line' id='line_1_17' title="bbox 176 1746 710 1824; baseline -0.004 -16"><span class='ocrx_word' id='word_1_103' title='bbox 176 1747 260 1808; x_wconf 90' lang='lat' dir='ltr'><em>cuius</em></span> <span class='ocrx_word' id='word_1_104' title='bbox 283 1746 370 1822; x_wconf 83' lang='lat' dir='ltr'><em>longe</em></span> <span class='ocrx_word' id='word_1_105' title='bbox 393 1749 503 1824; x_wconf 82' lang='lat' dir='ltr'><em>corpus</em></span> <span class='ocrx_word' id='word_1_106' title='bbox 526 1753 572 1806; x_wconf 88' lang='lat' dir='ltr'><em>est</em></span> <span class='ocrx_word' id='word_1_107' title='bbox 593 1747 710 1820; x_wconf 83' lang='lat' dir='ltr'><em>fusum3</em></span> 
     </span>
     <span class='ocr_line' id='line_1_18' title="bbox 215 1829 957 1909; baseline -0.001 -18"><span class='ocrx_word' id='word_1_108' title='bbox 215 1835 249 1892; x_wconf 87' lang='lat' dir='ltr'><em>in</em></span> <span class='ocrx_word' id='word_1_109' title='bbox 270 1831 419 1909; x_wconf 82' lang='lat' dir='ltr'><em>medioque</em></span> <span class='ocrx_word' id='word_1_110' title='bbox 441 1834 510 1890; x_wconf 89' lang='lat' dir='ltr'><em>sinu</em></span> <span class='ocrx_word' id='word_1_111' title='bbox 531 1830 654 1909; x_wconf 79' lang='lat' dir='ltr'><em>fulpcns</em></span> <span class='ocrx_word' id='word_1_112' title='bbox 680 1831 807 1891; x_wconf 81' lang='lat' dir='ltr'><em>Cretera</em></span> <span class='ocrx_word' id='word_1_113' title='bbox 829 1829 957 1890; x_wconf 86' lang='lat' dir='ltr'><em>relucet:</em></span> 
     </span>
     <span class='ocr_line' id='line_1_19' title="bbox 214 1913 958 1994; baseline -0.004 -17"><span class='ocrx_word' id='word_1_114' title='bbox 214 1915 392 1976; x_wconf 80' lang='lat' dir='ltr'><em>Eutremom</em></span> <span class='ocrx_word' id='word_1_115' title='bbox 413 1918 511 1975; x_wconf 86' lang='lat' dir='ltr'><em>nitens</em></span> <span class='ocrx_word' id='word_1_116' title='bbox 530 1914 667 1994; x_wconf 79' lang='lat' dir='ltr'><em>plumato</em></span> <span class='ocrx_word' id='word_1_117' title='bbox 691 1932 819 1994; x_wconf 87' lang='lat' dir='ltr'><em>corpore</em></span> <span class='ocrx_word' id='word_1_118' title='bbox 841 1913 958 1975; x_wconf 81' lang='lat' dir='ltr'><em>Corvus</em></span> 
     </span>
    </p>

    <p class='ocr_par' dir='ltr' id='par_1_8' title="bbox 179 1998 1083 2164">
     <span class='ocr_line' id='line_1_20' title="bbox 179 1998 1049 2078; baseline 0.001 -18"><span class='ocrx_word' id='word_1_119' title='bbox 179 2010 186 2019; x_wconf 89' lang='grc'><em>’</em></span> <span class='ocrx_word' id='word_1_120' title='bbox 216 2008 320 2061; x_wconf 89' lang='lat' dir='ltr'><em>rostro</em></span> <span class='ocrx_word' id='word_1_121' title='bbox 345 2000 460 2071; x_wconf 73' lang='lat' dir='ltr'><em>tundit,</em></span> <span class='ocrx_word' id='word_1_122' title='bbox 484 2009 513 2059; x_wconf 90' lang='lat' dir='ltr'><em>et</em></span> <span class='ocrx_word' id='word_1_123' title='bbox 536 1999 734 2078; x_wconf 21' lang='lat' dir='ltr'><em>leicfllieminis</em></span> <span class='ocrx_word' id='word_1_124' title='bbox 758 2009 803 2059; x_wconf 89' lang='lat' dir='ltr'><em>est</em></span> <span class='ocrx_word' id='word_1_125' title='bbox 823 1998 875 2060; x_wconf 87' lang='lat' dir='ltr'><em>ille</em></span> <span class='ocrx_word' id='word_1_126' title='bbox 896 2001 951 2061; x_wconf 83' lang='lat' dir='ltr'><em>sul</em></span> <span class='ocrx_word' id='word_1_127' title='bbox 974 2003 1049 2077; x_wconf 85' lang='lat' dir='ltr'><em>ipsis</em></span> 
     </span>
     <span class='ocr_line' id='line_1_21' title="bbox 216 2080 1083 2164; baseline -0.002 -20"><span class='ocrx_word' id='word_1_128' title='bbox 216 2084 292 2145; x_wconf 80' lang='lat' dir='ltr'><em>Ante</em></span> <span class='ocrx_word' id='word_1_129' title='bbox 317 2082 435 2154; x_wconf 80' lang='lat' dir='ltr'><em>Cenem,</em></span> <span class='ocrx_word' id='word_1_130' title='bbox 457 2080 618 2164; x_wconf 77' lang='grc' dir='ltr'><strong><em>Προκύων</em></strong></span> <span class='ocrx_word' id='word_1_131' title='bbox 641 2082 733 2144; x_wconf 82' lang='lat' dir='ltr'><em>Graio</em></span> <span class='ocrx_word' id='word_1_132' title='bbox 756 2087 808 2161; x_wconf 83' lang='lat' dir='ltr'><em>qui</em></span> <span class='ocrx_word' id='word_1_133' title='bbox 827 2086 947 2143; x_wconf 81' lang='lat' dir='ltr'><em>reomene</em></span> <span class='ocrx_word' id='word_1_134' title='bbox 967 2083 1083 2162; x_wconf 79' lang='lat' dir='ltr'><em>[emur.</em></span> 
     </span>
    </p>

    <p class='ocr_par' dir='ltr' id='par_1_9' title="bbox 119 2166 1250 2583">
     <span class='ocr_line' id='line_1_22' title="bbox 119 2166 1250 2244; baseline 0.002 -17"><span class='ocrx_word' id='word_1_135' title='bbox 119 2179 163 2228; x_wconf 78' lang='lat'><em>115</em></span> <span class='ocrx_word' id='word_1_136' title='bbox 178 2166 259 2227; x_wconf 89' lang='lat' dir='ltr'><em>Haec</em></span> <span class='ocrx_word' id='word_1_137' title='bbox 282 2166 380 2226; x_wconf 88' lang='lat' dir='ltr'><em>omnis</em></span> <span class='ocrx_word' id='word_1_138' title='bbox 404 2167 566 2244; x_wconf 84' lang='lat' dir='ltr'><em>descriptio</em></span> <span class='ocrx_word' id='word_1_139' title='bbox 590 2167 722 2228; x_wconf 89' lang='lat' dir='ltr'><em>siderum</em></span> <span class='ocrx_word' id='word_1_140' title='bbox 746 2174 833 2244; x_wconf 88' lang='lat' dir='ltr'><em>atque</em></span> <span class='ocrx_word' id='word_1_141' title='bbox 862 2167 912 2226; x_wconf 90' lang='lat' dir='ltr'><em>hic</em></span> <span class='ocrx_word' id='word_1_142' title='bbox 940 2175 1040 2228; x_wconf 84' lang='lat' dir='ltr'><em>tantus</em></span> <span class='ocrx_word' id='word_1_143' title='bbox 1064 2166 1250 2242; x_wconf 80' lang='lat' dir='ltr'><em>caeliorna-</em></span> 
     </span>
     <span class='ocr_line' id='line_1_23' title="bbox 174 2250 1250 2329; baseline 0.002 -17"><span class='ocrx_word' id='word_1_144' title='bbox 174 2260 223 2312; x_wconf 90' lang='lat' dir='ltr'><em>tus</em></span> <span class='ocrx_word' id='word_1_145' title='bbox 247 2270 281 2311; x_wconf 84' lang='lat' dir='ltr'><em>ex</em></span> <span class='ocrx_word' id='word_1_146' title='bbox 311 2250 489 2329; x_wconf 88' lang='lat' dir='ltr'><em>corporibus</em></span> <span class='ocrx_word' id='word_1_147' title='bbox 512 2252 570 2311; x_wconf 89' lang='lat' dir='ltr'><em>hue</em></span> <span class='ocrx_word' id='word_1_148' title='bbox 593 2259 623 2311; x_wconf 89' lang='lat' dir='ltr'><em>et</em></span> <span class='ocrx_word' id='word_1_149' title='bbox 646 2250 716 2312; x_wconf 91' lang='lat' dir='ltr'><em>illuc</em></span> <span class='ocrx_word' id='word_1_150' title='bbox 745 2269 816 2310; x_wconf 89' lang='lat' dir='ltr'><em>casu</em></span> <span class='ocrx_word' id='word_1_151' title='bbox 839 2258 869 2311; x_wconf 87' lang='lat' dir='ltr'><em>et</em></span> <span class='ocrx_word' id='word_1_152' title='bbox 892 2259 1003 2314; x_wconf 88' lang='lat' dir='ltr'><em>temere</em></span> <span class='ocrx_word' id='word_1_153' title='bbox 1033 2250 1250 2314; x_wconf 83' lang='lat' dir='ltr'><em>cursitantibus</em></span> 
     </span>
     <span class='ocr_line' id='line_1_24' title="bbox 174 2333 1249 2416; baseline -0.001 -19"><span class='ocrx_word' id='word_1_154' title='bbox 174 2335 312 2416; x_wconf 88' lang='lat' dir='ltr'><em>potuisse</em></span> <span class='ocrx_word' id='word_1_155' title='bbox 349 2334 427 2395; x_wconf 81' lang='lat' dir='ltr'><em>ellici</em></span> <span class='ocrx_word' id='word_1_156' title='bbox 466 2335 603 2413; x_wconf 86' lang='lat' dir='ltr'><em>cuiquam</em></span> <span class='ocrx_word' id='word_1_157' title='bbox 627 2354 701 2396; x_wconf 88' lang='lat' dir='ltr'><em>sano</em></span> <span class='ocrx_word' id='word_1_158' title='bbox 738 2335 833 2396; x_wconf 89' lang='lat' dir='ltr'><em>videri</em></span> <span class='ocrx_word' id='word_1_159' title='bbox 869 2333 993 2415; x_wconf 75' lang='lat' dir='ltr'><em>potest?</em></span> <span class='ocrx_word' id='word_1_160' title='bbox 1029 2336 1073 2396; x_wconf 81' lang='lat' dir='ltr'><em>dn</em></span> <span class='ocrx_word' id='word_1_161' title='bbox 1096 2354 1166 2396; x_wconf 86' lang='lat' dir='ltr'><em>vero</em></span> <span class='ocrx_word' id='word_1_162' title='bbox 1189 2336 1249 2398; x_wconf 90' lang='lat' dir='ltr'><em>alia</em></span> 
     </span>
     <span class='ocr_line' id='line_1_25' title="bbox 176 2419 1248 2500; baseline 0.001 -19"><span class='ocrx_word' id='word_1_163' title='bbox 176 2439 250 2500; x_wconf 87' lang='lat' dir='ltr'><em>quae</em></span> <span class='ocrx_word' id='word_1_164' title='bbox 273 2427 393 2490; x_wconf 88' lang='lat' dir='ltr'><em>natura,</em></span> <span class='ocrx_word' id='word_1_165' title='bbox 418 2420 530 2497; x_wconf 72' lang='lat' dir='ltr'><em>mentis</em></span> <span class='ocrx_word' id='word_1_166' title='bbox 550 2421 725 2481; x_wconf 83' lang='lat' dir='ltr'><em>strationis</em></span> <span class='ocrx_word' id='word_1_167' title='bbox 748 2438 871 2498; x_wconf 77' lang='lat' dir='ltr'><em>erpere,</em></span> <span class='ocrx_word' id='word_1_168' title='bbox 900 2420 975 2480; x_wconf 81' lang='lat' dir='ltr'><em>haec</em></span> <span class='ocrx_word' id='word_1_169' title='bbox 997 2420 1117 2482; x_wconf 82' lang='lat' dir='ltr'><em>efficere</em></span> <span class='ocrx_word' id='word_1_170' title='bbox 1139 2419 1248 2499; x_wconf 85' lang='lat' dir='ltr'><em>potuit,</em></span> 
     </span>
     <span class='ocr_line' id='line_1_26' title="bbox 176 2503 1248 2583; baseline 0.002 -19"><span class='ocrx_word' id='word_1_171' title='bbox 176 2521 251 2583; x_wconf 90' lang='lat' dir='ltr'><em>quae</em></span> <span class='ocrx_word' id='word_1_172' title='bbox 275 2521 336 2562; x_wconf 90' lang='lat' dir='ltr'><em>non</em></span> <span class='ocrx_word' id='word_1_173' title='bbox 358 2503 456 2573; x_wconf 88' lang='lat' dir='ltr'><em>modo,</em></span> <span class='ocrx_word' id='word_1_174' title='bbox 495 2511 527 2564; x_wconf 90' lang='lat' dir='ltr'><em>ut</em></span> <span class='ocrx_word' id='word_1_175' title='bbox 549 2505 664 2578; x_wconf 85' lang='lat' dir='ltr'><em>tierent,</em></span> <span class='ocrx_word' id='word_1_176' title='bbox 701 2505 818 2565; x_wconf 89' lang='lat' dir='ltr'><em>ratione</em></span> <span class='ocrx_word' id='word_1_177' title='bbox 842 2511 995 2582; x_wconf 80' lang='lat' dir='ltr'><em>eguerunt,</em></span> <span class='ocrx_word' id='word_1_178' title='bbox 1033 2505 1088 2567; x_wconf 87' lang='lat' dir='ltr'><em>sed</em></span> <span class='ocrx_word' id='word_1_179' title='bbox 1111 2503 1248 2582; x_wconf 78' lang='lat' dir='ltr'><em>intelligi,</em></span> 
     </span>
    </p>

    <p class='ocr_par' dir='ltr' id='par_1_10' title="bbox 118 2583 1250 2836">
     <span class='ocr_line' id='line_1_27' title="bbox 118 2583 1248 2666; baseline 0.002 -18"><span class='ocrx_word' id='word_1_180' title='bbox 118 2583 160 2653; x_wconf 82' lang='lat'><em>45</em></span> <span class='ocrx_word' id='word_1_181' title='bbox 177 2586 275 2666; x_wconf 88' lang='lat' dir='ltr'><em>qualia</em></span> <span class='ocrx_word' id='word_1_182' title='bbox 299 2586 367 2655; x_wconf 89' lang='lat' dir='ltr'><em>sint,</em></span> <span class='ocrx_word' id='word_1_183' title='bbox 392 2587 456 2646; x_wconf 88' lang='lat' dir='ltr'><em>sine</em></span> <span class='ocrx_word' id='word_1_184' title='bbox 480 2593 593 2648; x_wconf 81' lang='lat' dir='ltr'><em>summa</em></span> <span class='ocrx_word' id='word_1_185' title='bbox 613 2588 729 2649; x_wconf 87' lang='lat' dir='ltr'><em>ratione</em></span> <span class='ocrx_word' id='word_1_186' title='bbox 752 2585 975 2666; x_wconf 85' lang='lat' dir='ltr'><em>nonpossunt‘l</em></span> <span class='ocrx_word' id='word_1_187' title='bbox 996 2589 1058 2650; x_wconf 89' lang='lat' dir='ltr'><em>Nec</em></span> <span class='ocrx_word' id='word_1_188' title='bbox 1080 2607 1150 2649; x_wconf 90' lang='lat' dir='ltr'><em>vero</em></span> <span class='ocrx_word' id='word_1_189' title='bbox 1173 2589 1248 2650; x_wconf 90' lang='lat' dir='ltr'><em>haec</em></span> 
     </span>
     <span class='ocr_line' id='line_1_28' title="bbox 175 2669 1250 2751; baseline 0.001 -18"><span class='ocrx_word' id='word_1_190' title='bbox 175 2672 272 2734; x_wconf 88' lang='lat' dir='ltr'><em>solum</em></span> <span class='ocrx_word' id='word_1_191' title='bbox 286 2669 484 2743; x_wconf 75' lang='lat' dir='ltr'><em>admirabilia„</em></span> <span class='ocrx_word' id='word_1_192' title='bbox 506 2671 559 2731; x_wconf 90' lang='lat' dir='ltr'><em>sed</em></span> <span class='ocrx_word' id='word_1_193' title='bbox 575 2671 649 2732; x_wconf 91' lang='lat' dir='ltr'><em>nihil</em></span> <span class='ocrx_word' id='word_1_194' title='bbox 663 2673 768 2742; x_wconf 88' lang='lat' dir='ltr'><em>maius,</em></span> <span class='ocrx_word' id='word_1_195' title='bbox 793 2691 880 2749; x_wconf 88' lang='lat' dir='ltr'><em>quam</em></span> <span class='ocrx_word' id='word_1_196' title='bbox 895 2673 975 2751; x_wconf 91' lang='lat' dir='ltr'><em>quod</em></span> <span class='ocrx_word' id='word_1_197' title='bbox 998 2673 1039 2734; x_wconf 84' lang='lat' dir='ltr'><em>ita</em></span> <span class='ocrx_word' id='word_1_198' title='bbox 1063 2672 1177 2735; x_wconf 88' lang='lat' dir='ltr'><em>stabilis</em></span> <span class='ocrx_word' id='word_1_199' title='bbox 1200 2681 1250 2734; x_wconf 84' lang='lat' dir='ltr'><em>est</em></span> 
     </span>
     <span class='ocr_line' id='line_1_29' title="bbox 174 2754 1247 2836; baseline 0 -18"><span class='ocrx_word' id='word_1_200' title='bbox 174 2755 304 2818; x_wconf 89' lang='lat' dir='ltr'><em>mundus</em></span> <span class='ocrx_word' id='word_1_201' title='bbox 327 2764 415 2833; x_wconf 86' lang='lat' dir='ltr'><em>atque</em></span> <span class='ocrx_word' id='word_1_202' title='bbox 439 2754 479 2814; x_wconf 90' lang='lat' dir='ltr'><em>ita</em></span> <span class='ocrx_word' id='word_1_203' title='bbox 495 2755 635 2816; x_wconf 80' lang='lat' dir='ltr'><em>cohaeret</em></span> <span class='ocrx_word' id='word_1_204' title='bbox 657 2757 693 2817; x_wconf 87' lang='lat' dir='ltr'><em>ad</em></span> <span class='ocrx_word' id='word_1_205' title='bbox 716 2758 960 2836; x_wconf 84' lang='lat' dir='ltr'><em>permanendum,</em></span> <span class='ocrx_word' id='word_1_206' title='bbox 984 2766 1016 2818; x_wconf 89' lang='lat' dir='ltr'><em>ut</em></span> <span class='ocrx_word' id='word_1_207' title='bbox 1039 2757 1173 2818; x_wconf 88' lang='lat' dir='ltr'><em>nihilne</em></span> <span class='ocrx_word' id='word_1_208' title='bbox 1196 2775 1247 2818; x_wconf 88' lang='lat' dir='ltr'><em>ex-</em></span> 
     </span>
    </p>

    <p class='ocr_par' dir='ltr' id='par_1_11' title="bbox 121 2839 1248 3004">
     <span class='ocr_line' id='line_1_30' title="bbox 121 2839 1248 2920; baseline -0.002 -17"><span class='ocrx_word' id='word_1_209' title='bbox 121 2853 133 2864; x_wconf 87' lang='lat'><em>·</em></span> <span class='ocrx_word' id='word_1_210' title='bbox 176 2839 299 2919; x_wconf 84' lang='lat' dir='ltr'><em>cogitari</em></span> <span class='ocrx_word' id='word_1_211' title='bbox 323 2839 443 2917; x_wconf 88' lang='lat' dir='ltr'><em>quidem</em></span> <span class='ocrx_word' id='word_1_212' title='bbox 467 2839 565 2918; x_wconf 87' lang='lat' dir='ltr'><em>possit</em></span> <span class='ocrx_word' id='word_1_213' title='bbox 586 2840 694 2919; x_wconf 88' lang='lat' dir='ltr'><em>aptius.</em></span> <span class='ocrx_word' id='word_1_214' title='bbox 739 2840 850 2919; x_wconf 85' lang='lat' dir='ltr'><em>Omnes</em></span> <span class='ocrx_word' id='word_1_215' title='bbox 874 2841 953 2901; x_wconf 89' lang='lat' dir='ltr'><em>enim</em></span> <span class='ocrx_word' id='word_1_216' title='bbox 976 2850 1077 2920; x_wconf 90' lang='lat' dir='ltr'><em>partes</em></span> <span class='ocrx_word' id='word_1_217' title='bbox 1104 2840 1168 2903; x_wconf 90' lang='lat' dir='ltr'><em>eius</em></span> <span class='ocrx_word' id='word_1_218' title='bbox 1191 2859 1248 2902; x_wconf 90' lang='lat' dir='ltr'><em>uu·</em></span> 
     </span>
     <span class='ocr_line' id='line_1_31' title="bbox 175 2923 1248 3004; baseline -0.001 -17"><span class='ocrx_word' id='word_1_219' title='bbox 175 2926 265 3004; x_wconf 88' lang='lat' dir='ltr'><em>dique</em></span> <span class='ocrx_word' id='word_1_220' title='bbox 301 2923 431 2984; x_wconf 88' lang='lat' dir='ltr'><em>medium</em></span> <span class='ocrx_word' id='word_1_221' title='bbox 468 2925 566 2985; x_wconf 89' lang='lat' dir='ltr'><em>locum</em></span> <span class='ocrx_word' id='word_1_222' title='bbox 595 2934 788 3003; x_wconf 88' lang='lat' dir='ltr'><em>capessentes</em></span> <span class='ocrx_word' id='word_1_223' title='bbox 812 2926 948 2987; x_wconf 86' lang='lat' dir='ltr'><em>nituntur</em></span> <span class='ocrx_word' id='word_1_224' title='bbox 969 2925 1143 3004; x_wconf 84' lang='lat' dir='ltr'><em>aequaliter.</em></span> <span class='ocrx_word' id='word_1_225' title='bbox 1186 2925 1248 2987; x_wconf 88' lang='lat' dir='ltr'><em>Ma-</em></span> 
     </span>
    </p>

    <p class='ocr_par' dir='ltr' id='par_1_12' title="bbox 110 3010 1247 3088">
     <span class='ocr_line' id='line_1_32' title="bbox 110 3010 1247 3088; baseline 0.002 -22"><span class='ocrx_word' id='word_1_226' title='bbox 110 3059 113 3066; x_wconf 92' lang='grc'><em>,</em></span> <span class='ocrx_word' id='word_1_227' title='bbox 173 3010 253 3070; x_wconf 85' lang='lat' dir='ltr'><em>xime</em></span> <span class='ocrx_word' id='word_1_228' title='bbox 285 3017 383 3070; x_wconf 89' lang='lat' dir='ltr'><em>autem</em></span> <span class='ocrx_word' id='word_1_229' title='bbox 428 3027 554 3088; x_wconf 88' lang='lat' dir='ltr'><em>corpora</em></span> <span class='ocrx_word' id='word_1_230' title='bbox 596 3010 674 3070; x_wconf 89' lang='lat' dir='ltr'><em>inter</em></span> <span class='ocrx_word' id='word_1_231' title='bbox 712 3029 745 3071; x_wconf 88' lang='lat' dir='ltr'><em>se</em></span> <span class='ocrx_word' id='word_1_232' title='bbox 780 3010 879 3071; x_wconf 88' lang='lat' dir='ltr'><em>iuncta</em></span> <span class='ocrx_word' id='word_1_233' title='bbox 912 3017 1106 3088; x_wconf 69' lang='lat' dir='ltr'><em>permanent,</em></span> <span class='ocrx_word' id='word_1_234' title='bbox 1155 3026 1247 3088; x_wconf 86' lang='lat' dir='ltr'><em>quum</em></span> 
     </span>
    </p>
   </div>
   <div class='ocr_carea' id='block_1_3' title="bbox 146 3140 1279 4013">
    <p class='ocr_par' dir='ltr' id='par_1_13' title="bbox 177 3140 1279 3339">
     <span class='ocr_line' id='line_1_33' title="bbox 213 3140 1249 3205; baseline -0.003 -13"><span class='ocrx_word' id='word_1_235' title='bbox 213 3143 269 3192; x_wconf 83' lang='lat'>114.</span> <span class='ocrx_word' id='word_1_236' title='bbox 290 3144 448 3195; x_wconf 84' lang='lat' dir='ltr'><em>Fluminis—.</em></span> <span class='ocrx_word' id='word_1_237' title='bbox 484 3141 535 3192; x_wconf 87' lang='lat' dir='ltr'><em>Das</em></span> <span class='ocrx_word' id='word_1_238' title='bbox 563 3141 690 3192; x_wconf 86' lang='lat' dir='ltr'><em>Sternbild</em></span> <span class='ocrx_word' id='word_1_239' title='bbox 768 3145 902 3205; x_wconf 78' lang='lat' dir='ltr'><em>demontus,</em></span> <span class='ocrx_word' id='word_1_240' title='bbox 922 3142 969 3192; x_wconf 83' lang='lat' dir='ltr'><em>aul</em></span> <span class='ocrx_word' id='word_1_241' title='bbox 984 3142 1033 3192; x_wconf 87' lang='lat' dir='ltr'><em>den</em></span> <span class='ocrx_word' id='word_1_242' title='bbox 1044 3140 1135 3191; x_wconf 85' lang='lat' dir='ltr'><em>Chiron</em></span> <span class='ocrx_word' id='word_1_243' title='bbox 1155 3140 1249 3202; x_wconf 80' lang='lat' dir='ltr'><em>gedeu-</em></span> 
     </span>
     <span class='ocr_line' id='line_1_34' title="bbox 178 3207 1248 3272; baseline 0.001 -15"><span class='ocrx_word' id='word_1_244' title='bbox 178 3208 222 3258; x_wconf 90' lang='lat' dir='ltr'><em>des</em></span> <span class='ocrx_word' id='word_1_245' title='bbox 249 3207 374 3265; x_wconf 84' lang='lat' dir='ltr'><em>Stromes,</em></span> <span class='ocrx_word' id='word_1_246' title='bbox 411 3225 460 3258; x_wconf 86' lang='lat' dir='ltr'><em>vnn</em></span> <span class='ocrx_word' id='word_1_247' title='bbox 489 3209 607 3272; x_wconf 72' lang='lat' dir='ltr'><em>diriges,</em></span> <span class='ocrx_word' id='word_1_248' title='bbox 638 3209 689 3259; x_wconf 88' lang='lat' dir='ltr'><em>wie</em></span> <span class='ocrx_word' id='word_1_249' title='bbox 733 3217 777 3260; x_wconf 86' lang='lat' dir='ltr'><em>tet.</em></span> <span class='ocrx_word' id='word_1_250' title='bbox 799 3238 829 3248; x_wconf 89' lang='lat'>-</span> <span class='ocrx_word' id='word_1_251' title='bbox 859 3209 907 3260; x_wconf 80' lang='lat' dir='ltr'><em>Mil</em></span> <span class='ocrx_word' id='word_1_252' title='bbox 935 3211 991 3261; x_wconf 88' lang='lat' dir='ltr'><em>dem</em></span> <span class='ocrx_word' id='word_1_253' title='bbox 1014 3208 1141 3259; x_wconf 78' lang='lat' dir='ltr'><em>Rosetlreil</em></span> <span class='ocrx_word' id='word_1_254' title='bbox 1164 3208 1248 3258; x_wconf 81' lang='lat' dir='ltr'><em>selues</em></span> 
     </span>
     <span class='ocr_line' id='line_1_35' title="bbox 177 3276 1279 3339; baseline -0.002 -13"><span class='ocrx_word' id='word_1_255' title='bbox 177 3278 248 3326; x_wconf 78' lang='lat' dir='ltr'><em>Aret.</em></span> <span class='ocrx_word' id='word_1_256' title='bbox 275 3291 299 3324; x_wconf 90' lang='lat' dir='ltr'><em>v.</em></span> <span class='ocrx_word' id='word_1_257' title='bbox 329 3277 391 3333; x_wconf 81' lang='lat'><em>360,</em></span> <span class='ocrx_word' id='word_1_258' title='bbox 430 3276 618 3335; x_wconf 71' lang='lat' dir='ltr'><em>Eridanus,</em></span> <span class='ocrx_word' id='word_1_259' title='bbox 640 3293 689 3328; x_wconf 81' lang='lat' dir='ltr'><em>von</em></span> <span class='ocrx_word' id='word_1_260' title='bbox 733 3276 949 3339; x_wconf 78' lang='lat' dir='ltr'><em>zwiegestelteteu</em></span> <span class='ocrx_word' id='word_1_261' title='bbox 976 3276 1068 3327; x_wconf 88' lang='lat' dir='ltr'><em>Leibes</em></span> <span class='ocrx_word' id='word_1_262' title='bbox 1099 3278 1191 3339; x_wconf 74' lang='lat' dir='ltr'><em>dringt</em></span> <span class='ocrx_word' id='word_1_263' title='bbox 1218 3290 1249 3325; x_wconf 85' lang='lat' dir='ltr'><em>er</em></span> <span class='ocrx_word' id='word_1_264' title='bbox 1274 3304 1279 3311; x_wconf 90' lang='lat'><em>·</em></span> 
     </span>
    </p>

    <p class='ocr_par' dir='ltr' id='par_1_14' title="bbox 146 3340 1267 4013">
     <span class='ocr_line' id='line_1_36' title="bbox 146 3340 1247 3408; baseline -0.001 -15"><span class='ocrx_word' id='word_1_265' title='bbox 146 3354 148 3359; x_wconf 88' lang='grc'><strong>’</strong></span> <span class='ocrx_word' id='word_1_266' title='bbox 177 3344 279 3393; x_wconf 85' lang='lat' dir='ltr'><em>Audern</em></span> <span class='ocrx_word' id='word_1_267' title='bbox 295 3340 350 3392; x_wconf 92' lang='lat' dir='ltr'><em>Nil</em></span> <span class='ocrx_word' id='word_1_268' title='bbox 369 3351 485 3404; x_wconf 79' lang='lat' dir='ltr'><em>genennt.</em></span> <span class='ocrx_word' id='word_1_269' title='bbox 721 3340 785 3393; x_wconf 77' lang='lat' dir='ltr'><em>&#39;sich</em></span> <span class='ocrx_word' id='word_1_270' title='bbox 815 3351 889 3394; x_wconf 86' lang='lat' dir='ltr'><em>unter</em></span> <span class='ocrx_word' id='word_1_271' title='bbox 916 3344 958 3394; x_wconf 86' lang='lat' dir='ltr'><em>die</em></span> <span class='ocrx_word' id='word_1_272' title='bbox 978 3348 1072 3408; x_wconf 77' lang='lat' dir='ltr'><em>Choloe,</em></span> <span class='ocrx_word' id='word_1_273' title='bbox 1104 3345 1129 3394; x_wconf 88' lang='lat' dir='ltr'><em>d.</em></span> <span class='ocrx_word' id='word_1_274' title='bbox 1156 3345 1179 3392; x_wconf 91' lang='lat' dir='ltr'><em>h.</em></span> <span class='ocrx_word' id='word_1_275' title='bbox 1205 3343 1247 3393; x_wconf 90' lang='lat' dir='ltr'><em>die</em></span> 
     </span>
     <span class='ocr_line' id='line_1_37' title="bbox 209 3411 1248 3478; baseline -0.002 -16"><span class='ocrx_word' id='word_1_276' title='bbox 209 3428 305 3478; x_wconf 86' lang='lat' dir='ltr'><em>procero</em></span> <span class='ocrx_word' id='word_1_277' title='bbox 318 3414 411 3463; x_wconf 85' lang='lat' dir='ltr'><em>Vincla:</em></span> <span class='ocrx_word' id='word_1_278' title='bbox 430 3411 562 3469; x_wconf 86' lang='lat' dir='ltr'><em>dasBeud,</em></span> <span class='ocrx_word' id='word_1_279' title='bbox 579 3411 689 3463; x_wconf 85' lang='lat' dir='ltr'><em>welches</em></span> <span class='ocrx_word' id='word_1_280' title='bbox 734 3411 860 3462; x_wconf 86' lang='lat' dir='ltr'><em>Scheeren</em></span> <span class='ocrx_word' id='word_1_281' title='bbox 889 3413 933 3463; x_wconf 91' lang='lat' dir='ltr'><em>des</em></span> <span class='ocrx_word' id='word_1_282' title='bbox 963 3412 1106 3478; x_wconf 80' lang='lat' dir='ltr'><em>Scorpione.</em></span> <span class='ocrx_word' id='word_1_283' title='bbox 1143 3412 1171 3461; x_wconf 89' lang='lat' dir='ltr'><em>lu</em></span> <span class='ocrx_word' id='word_1_284' title='bbox 1200 3411 1248 3461; x_wconf 86' lang='lat' dir='ltr'><em>der</em></span> 
     </span>
     <span class='ocr_line' id='line_1_38' title="bbox 177 3477 1243 3545; baseline -0.001 -17"><span class='ocrx_word' id='word_1_285' title='bbox 177 3479 218 3528; x_wconf 92' lang='lat' dir='ltr'><em>die</em></span> <span class='ocrx_word' id='word_1_286' title='bbox 246 3478 383 3528; x_wconf 78' lang='lat' dir='ltr'><em>Schwciuzs</em></span> <span class='ocrx_word' id='word_1_287' title='bbox 413 3479 459 3529; x_wconf 88' lang='lat' dir='ltr'><em>der</em></span> <span class='ocrx_word' id='word_1_288' title='bbox 485 3478 574 3529; x_wconf 88' lang='lat' dir='ltr'><em>beiden</em></span> <span class='ocrx_word' id='word_1_289' title='bbox 600 3480 689 3530; x_wconf 86' lang='lat' dir='ltr'><em>Fische</em></span> <span class='ocrx_word' id='word_1_290' title='bbox 733 3479 805 3529; x_wconf 81' lang='lat' dir='ltr'><em>Haud</em></span> <span class='ocrx_word' id='word_1_291' title='bbox 834 3480 886 3530; x_wconf 77' lang='lat' dir='ltr'><em>uult</em></span> <span class='ocrx_word' id='word_1_292' title='bbox 915 3496 944 3530; x_wconf 84' lang='lat' dir='ltr'><em>er</em></span> <span class='ocrx_word' id='word_1_293' title='bbox 967 3480 1007 3545; x_wconf 82' lang='lat' dir='ltr'><em>ein</em></span> <span class='ocrx_word' id='word_1_294' title='bbox 1033 3479 1143 3543; x_wconf 71' lang='lat' dir='ltr'><em>erlegtes</em></span> <span class='ocrx_word' id='word_1_295' title='bbox 1160 3477 1243 3535; x_wconf 84' lang='lat' dir='ltr'><em>Wild,</em></span> 
     </span>
     <span class='ocr_line' id='line_1_39' title="bbox 177 3545 1248 3615; baseline -0.001 -19"><span class='ocrx_word' id='word_1_296' title='bbox 177 3545 334 3608; x_wconf 78' lang='lat' dir='ltr'><em>umschlingt.</em></span> <span class='ocrx_word' id='word_1_297' title='bbox 368 3575 398 3582; x_wconf 96' lang='lat'>-</span> <span class='ocrx_word' id='word_1_298' title='bbox 427 3549 515 3613; x_wconf 81' lang='lat' dir='ltr'><em>Nepae,</em></span> <span class='ocrx_word' id='word_1_299' title='bbox 545 3548 590 3597; x_wconf 91' lang='lat' dir='ltr'><em>des</em></span> <span class='ocrx_word' id='word_1_300' title='bbox 617 3547 690 3598; x_wconf 83' lang='lat' dir='ltr'><em>Scor·</em></span> <span class='ocrx_word' id='word_1_301' title='bbox 732 3547 788 3597; x_wconf 84' lang='lat' dir='ltr'><em>hier</em></span> <span class='ocrx_word' id='word_1_302' title='bbox 816 3547 857 3603; x_wconf 79' lang='lat' dir='ltr'><em>als</em></span> <span class='ocrx_word' id='word_1_303' title='bbox 881 3553 1011 3615; x_wconf 75' lang='lat' dir='ltr'><em>quadrupes</em></span> <span class='ocrx_word' id='word_1_304' title='bbox 1037 3558 1103 3600; x_wconf 83' lang='lat' dir='ltr'><em>ueste</em></span> <span class='ocrx_word' id='word_1_305' title='bbox 1131 3545 1248 3597; x_wconf 84' lang='lat' dir='ltr'><em>bezeich-</em></span> 
     </span>
     <span class='ocr_line' id='line_1_40' title="bbox 176 3613 829 3680; baseline 0.003 -17"><span class='ocrx_word' id='word_1_306' title='bbox 176 3614 256 3680; x_wconf 86' lang='lat' dir='ltr'><em>pious.</em></span> <span class='ocrx_word' id='word_1_307' title='bbox 284 3613 309 3664; x_wconf 91' lang='lat' dir='ltr'><em>S.</em></span> <span class='ocrx_word' id='word_1_308' title='bbox 330 3615 370 3671; x_wconf 81' lang='lat'><em>42,</em></span> <span class='ocrx_word' id='word_1_309' title='bbox 394 3616 450 3666; x_wconf 81' lang='lat'>109.</span> <span class='ocrx_word' id='word_1_310' title='bbox 471 3643 502 3652; x_wconf 91' lang='lat'>-</span> <span class='ocrx_word' id='word_1_311' title='bbox 530 3613 617 3665; x_wconf 86' lang='lat' dir='ltr'><em>Nebeu</em></span> <span class='ocrx_word' id='word_1_312' title='bbox 638 3616 691 3665; x_wconf 87' lang='lat' dir='ltr'><em>die·</em></span> <span class='ocrx_word' id='word_1_313' title='bbox 733 3623 784 3665; x_wconf 85' lang='lat' dir='ltr'><em>net.</em></span> <span class='ocrx_word' id='word_1_314' title='bbox 826 3646 829 3655; x_wconf 61' lang='grc' dir='ltr'><em>ι</em></span> 
     </span>
     <span class='ocr_line' id='line_1_41' title="bbox 177 3675 1267 3748; baseline -0.001 -18"><span class='ocrx_word' id='word_1_315' title='bbox 177 3696 229 3731; x_wconf 88' lang='lat' dir='ltr'><em>sem</em></span> <span class='ocrx_word' id='word_1_316' title='bbox 264 3682 310 3731; x_wconf 87' lang='lat' dir='ltr'><em>der</em></span> <span class='ocrx_word' id='word_1_317' title='bbox 344 3682 452 3739; x_wconf 84' lang='lat' dir='ltr'><em>Altar,</em></span> <span class='ocrx_word' id='word_1_318' title='bbox 497 3682 609 3733; x_wconf 84' lang='lat' dir='ltr'><em>welchen</em></span> <span class='ocrx_word' id='word_1_319' title='bbox 645 3683 691 3732; x_wconf 87' lang='lat' dir='ltr'><em>der</em></span> <span class='ocrx_word' id='word_1_320' title='bbox 767 3685 909 3734; x_wconf 83' lang='lat' dir='ltr'><em>llio-dote</em></span> <span class='ocrx_word' id='word_1_321' title='bbox 927 3700 1023 3735; x_wconf 84' lang='lat' dir='ltr'><em>cenem:</em></span> <span class='ocrx_word' id='word_1_322' title='bbox 1042 3683 1089 3732; x_wconf 88' lang='lat' dir='ltr'><em>der</em></span> <span class='ocrx_word' id='word_1_323' title='bbox 1103 3675 1267 3748; x_wconf 57' lang='lat' dir='ltr'><em>Hoomiur„</em></span> 
     </span>
     <span class='ocr_line' id='line_1_42' title="bbox 178 3748 1248 3811; baseline -0.001 -13"><span class='ocrx_word' id='word_1_324' title='bbox 178 3748 264 3798; x_wconf 85' lang='lat' dir='ltr'><em>Hauch</em></span> <span class='ocrx_word' id='word_1_325' title='bbox 283 3749 327 3798; x_wconf 89' lang='lat' dir='ltr'><em>des</em></span> <span class='ocrx_word' id='word_1_326' title='bbox 342 3749 491 3799; x_wconf 82' lang='lat' dir='ltr'><em>dewindes</em></span> <span class='ocrx_word' id='word_1_327' title='bbox 510 3749 609 3808; x_wconf 75' lang='lat' dir='ltr'><em>ffiehelt,</em></span> <span class='ocrx_word' id='word_1_328' title='bbox 630 3749 690 3800; x_wconf 88' lang='lat' dir='ltr'><em>weil</em></span> <span class='ocrx_word' id='word_1_329' title='bbox 732 3748 819 3800; x_wconf 87' lang='lat' dir='ltr'><em>Vorh</em></span> <span class='ocrx_word' id='word_1_330' title='bbox 830 3765 845 3798; x_wconf 91' lang='lat' dir='ltr'><em>u</em></span> <span class='ocrx_word' id='word_1_331' title='bbox 856 3750 907 3808; x_wconf 89' lang='lat' dir='ltr'><em>ud,</em></span> <span class='ocrx_word' id='word_1_332' title='bbox 929 3748 1067 3802; x_wconf 70' lang='lat' dir='ltr'><em>Vorliuier</em></span> <span class='ocrx_word' id='word_1_333' title='bbox 1083 3749 1128 3799; x_wconf 85' lang='lat' dir='ltr'><em>des</em></span> <span class='ocrx_word' id='word_1_334' title='bbox 1142 3763 1248 3811; x_wconf 75' lang='lat' dir='ltr'><em>grosseu</em></span> 
     </span>
     <span class='ocr_line' id='line_1_43' title="bbox 178 3815 1246 3875; baseline 0 -11"><span class='ocrx_word' id='word_1_335' title='bbox 178 3830 206 3864; x_wconf 88' lang='lat' dir='ltr'><em>er</em></span> <span class='ocrx_word' id='word_1_336' title='bbox 231 3815 335 3865; x_wconf 78' lang='lat' dir='ltr'><em>udinlich</em></span> <span class='ocrx_word' id='word_1_337' title='bbox 362 3817 395 3866; x_wconf 88' lang='lat' dir='ltr'><em>im</em></span> <span class='ocrx_word' id='word_1_338' title='bbox 419 3817 503 3867; x_wconf 82' lang='lat' dir='ltr'><em>deen</em></span> <span class='ocrx_word' id='word_1_339' title='bbox 527 3817 605 3875; x_wconf 86' lang='lat' dir='ltr'><em>steht,</em></span> <span class='ocrx_word' id='word_1_340' title='bbox 639 3817 689 3867; x_wconf 88' lang='lat' dir='ltr'><em>wie</em></span> <span class='ocrx_word' id='word_1_341' title='bbox 734 3816 843 3875; x_wconf 86' lang='lat' dir='ltr'><em>Hundes,</em></span> <span class='ocrx_word' id='word_1_342' title='bbox 865 3817 889 3866; x_wconf 94' lang='lat' dir='ltr'><em>d.</em></span> <span class='ocrx_word' id='word_1_343' title='bbox 910 3819 933 3866; x_wconf 87' lang='lat' dir='ltr'><em>h.</em></span> <span class='ocrx_word' id='word_1_344' title='bbox 955 3816 1130 3866; x_wconf 81' lang='lat' dir='ltr'><em>desSirius.</em></span> <span class='ocrx_word' id='word_1_345' title='bbox 1167 3815 1246 3865; x_wconf 86' lang='lat' dir='ltr'><em>Beide</em></span> 
     </span>
     <span class='ocr_line' id='line_1_44' title="bbox 177 3882 1247 4000; baseline 0 -68"><span class='ocrx_word' id='word_1_346' title='bbox 177 3883 240 3932; x_wconf 83' lang='lat' dir='ltr'><em>oben</em></span> <span class='ocrx_word' id='word_1_347' title='bbox 251 3883 290 4000; x_wconf 56' lang='lat' dir='ltr'><em>a?</em></span> <span class='ocrx_word' id='word_1_348' title='bbox 319 3885 364 3934; x_wconf 90' lang='grc'><em>111</em></span> <span class='ocrx_word' id='word_1_349' title='bbox 392 3885 438 3935; x_wconf 86' lang='lat' dir='ltr'><em>der</em></span> <span class='ocrx_word' id='word_1_350' title='bbox 466 3883 593 3934; x_wconf 83' lang='lat' dir='ltr'><em>udrdliche</em></span> <span class='ocrx_word' id='word_1_351' title='bbox 617 3885 689 3935; x_wconf 83' lang='lat' dir='ltr'><em>Fisch</em></span> <span class='ocrx_word' id='word_1_352' title='bbox 733 3884 838 3934; x_wconf 88' lang='lat' dir='ltr'><em>wurdeu</em></span> <span class='ocrx_word' id='word_1_353' title='bbox 864 3884 903 3934; x_wconf 82' lang='lat' dir='ltr'><em>als&#39;</em></span> <span class='ocrx_word' id='word_1_354' title='bbox 917 3885 1066 3948; x_wconf 73' lang='lat' dir='ltr'><em>lagdhunde</em></span> <span class='ocrx_word' id='word_1_355' title='bbox 1083 3885 1129 3934; x_wconf 86' lang='lat' dir='ltr'><em>des</em></span> <span class='ocrx_word' id='word_1_356' title='bbox 1148 3882 1247 3933; x_wconf 84' lang='lat' dir='ltr'><em>Orion</em></span> 
     </span>
     <span class='ocr_line' id='line_1_45' title="bbox 176 3950 861 4013; baseline 0.006 -15"><span class='ocrx_word' id='word_1_357' title='bbox 176 3965 233 4000; x_wconf 85' lang='lat' dir='ltr'><em>vom</em></span> <span class='ocrx_word' id='word_1_358' title='bbox 250 3982 259 4000; x_wconf 57' lang='lat' dir='ltr'><em>t</em></span> <span class='ocrx_word' id='word_1_359' title='bbox 275 3950 406 4000; x_wconf 89' lang='lat' dir='ltr'><em>ordwinde</em></span> <span class='ocrx_word' id='word_1_360' title='bbox 424 3950 545 4013; x_wconf 81' lang='lat' dir='ltr'><em>getrolien</em></span> <span class='ocrx_word' id='word_1_361' title='bbox 563 3953 644 4002; x_wconf 84' lang='lat' dir='ltr'><em>ward.</em></span> <span class='ocrx_word' id='word_1_362' title='bbox 733 3951 861 4013; x_wconf 66' lang='lat' dir='ltr'><em>gedeute&#39;t„</em></span> 
     </span>
    </p>
   </div>
   <div class='ocr_carea' id='block_1_4' title="bbox 0 0 1324 4418">
    <p class='ocr_par' dir='ltr' id='par_1_15' title="bbox 0 0 1324 4418">
     <span class='ocr_line' id='line_1_46' title="bbox 0 0 1324 4418; baseline 0 1"><span class='ocrx_word' id='word_1_363' title='bbox 0 0 1324 4418; x_wconf 95' lang='lat' dir='ltr'><em> </em></span> 
     </span>
    </p>
   </div>
  </div>
 </body>
</html>
