2640 4418
404 319 406 323 ‘
467 340 535 400 ιιι.Ι
550 340 580 391 ιι.
602 324 674 418 ιιι).
695 341 736 392 ιιι.
757 317 806 391 aas
1112 298 1170 392 159

104 497 203 559 estin
226 496 290 568 hie,
323 494 355 554 in
378 512 437 573 quo
459 512 522 554 non
544 474 671 556 naturae
689 495 766 556 ratio
790 492 984 576 intelligentis
1006 492 1172 575 appareat?

67 647 75 652 ,
103 579 257 660 Principio
288 593 391 640 eorum
420 597 497 657 quae
524 578 687 656 gignuntur
708 598 724 639 e
746 587 826 641 terra
853 579 963 659 stirpes
993 588 1023 640 et
1054 580 1171 642 stabili-

10 730 13 734 ,
102 675 194 728 tatem
216 664 288 724 dant
310 662 363 736 iis,
399 681 476 742 quae
498 663 664 736 sustinent,
695 671 781 724 etex
805 675 882 725 terra
906 681 1028 725 succum
1052 666 1172 726 trabunt

104 769 163 830 quo
186 748 304 810 alantur
326 765 376 820 ea,
405 761 482 826 quae
504 747 667 808 radicibus
685 748 892 820 continentur,
922 749 1171 828 obducunturque

102 835 180 897 libro
204 839 255 894 aut
277 832 390 894 cortice
418 831 529 903 trunci,
560 849 618 909 quo
649 832 710 892 sint
737 850 753 892 a
782 831 945 910 frigoribus
965 842 997 893 'et
1019 832 1199 895 caloribus·

102 918 238 981 tutiores.
281 917 343 977 lam
365 934 434 976 vero
458 915 533 976 vites
556 915 601 975 sic
630 915 782 989 claviculis
811 914 990 978 adminicula
1019 925 1171 996 tamquam

101 1003 241 1065 manibus
271 1000 500 1080 apprehendunt
529 1007 617 1078 atque
646 1000 687 1062 ita
716 1018 749 1061 se
778 1001 910 1098 erigunt,
940 1009 971 1062 ut
993 1002 1170 1064 animantes

103 1088 182 1160 Quin
205 1086 293 1148 etiam
316 1104 332 1147 a
355 1083 506 1162 caulibus,
535 1084 561 1144 si
582 1093 708 1164 propter
729 1084 786 1145 sati
808 1084 884 1157 sint,
914 1093 945 1145 ut
972 1105 988 1146 a
1016 1086 1170 1165 pestiferis

101 1179 132 1233 et
152 1169 332 1232 nocentibus
355 1170 493 1246 refugere
516 1169 655 1230 dicuntur
682 1187 738 1230 nec
767 1188 821 1230 eos
851 1131 910 1230 uffa
934 1189 969 1230 ex
991 1179 1076 1249 parte
1099 1189 1170 1232 con-

84 1258 228 1334 tingere.
273 1253 475 1316 Animantium
496 1271 573 1316 vero
587 1260 714 1332 quanta
741 1254 867 1315 varietas
897 1252 956 1314 estl
992 1263 1101 1331 quanta
1130 1254 1224 1315 adtl
1280 1246 1284 1255 ’

101 1359 167 1402 eam
189 1357 252 1400 rem
273 1338 329 1410 vis,
352 1345 386 1399 ut
407 1336 438 1398 in
461 1356 517 1399 suo
535 1356 670 1417 quaeque
693 1355 802 1416 genere
824 1337 1014 1417 permaneat!
1039 1339 1171 1411 Quarum
1196 1397 1199 1400 ,

100 1424 177 1485 aliae
200 1422 291 1484 coriis
315 1430 411 1484 tectae
433 1432 511 1496 suut,
534 1422 609 1483 aliae
631 1422 710 1484 villis
725 1422 867 1497 *vestitae
891 1415 966 1484 alite
989 1423 1085 1502 spinis
1108 1423 1171 1483 hir-

101 1515 202 1582 sutae;
230 1506 340 1585 pluma*
359 1506 449 1578 alias,
481 1506 556 1567 alias
587 1525 714 1585 squama
738 1507 874 1569 videmus
905 1508 1065 1581 obductas3
1097 1507 1170 1568 alias

101 1611 169 1654 esse
193 1589 335 1652 cornibus
358 1597 502 1666 armatas,
531 1589 605 1651 alias
627 1590 739 1654 habere
762 1593 871 1671 effugia
893 1611 1069 1671 pennarum.
1113 1592 1170 1653 Pa-

100 1684 179 1737 stum
208 1682 307 1736 autern
335 1672 536 1735 animantibus
565 1675 647 1750 large
676 1686 705 1737 et
733 1677 857 1755 copiose
880 1684 984 1739 natura
1007 1695 1090 1751 eum,
1120 1676 1172 1755 qui

101 1760 209 1839 cuique
226 1770 318 1838 aptus
341 1766 413 1831 erat,
437 1758 629 1836 comparavit.
608 1759 858 1823 tllnumerare
880 1781 1019 1858 possum,
1043 1762 1080 1822 ad
1103 1779 1172 1822 eum

98 1852 218 1925 pastum
240 1843 458 1922 capessendum
475 1843 754 1930 conficiendumque
771 1862 847 1922 quae
869 1845 910 1904 sit
931 1846 1082 1922 infigaris
1106 1846 1170 1905 ani-

99 1928 243 1989 mantium
259 1936 289 1988 et
304 1945 393 2006 quam
409 1925 517 1987 sollers
534 1918 712 2004 subtilisque
728 1928 893 2006 descriptio
908 1948 962 2024 par
965 1929 1047 2001 tium,
1067 1947 1170 2024 quam-

61 2025 62 2028 ’
100 2018 157 2092 qu'e
180 2011 365 2090 admirabilis
381 2010 495 2072 fabrica
518 2010 732 2071 membrorum.
766 2010 873 2072 Omnia
897 2013 985 2085 enim,
1011 2031 1086 2091 quae
1105 2013 1170 2092 qui-

99 2098 167 2158 dem
190 2096 271 2157 intus
294 2096 414 2157 inclusa.
432 2104 516 2169 suut,
547 2094 587 2156 ita
616 2102 684 2155 nata
711 2105 802 2174 atque
830 2096 871 2157 ita
898 2097 996 2157 locata
1025 2104 1108 2170 sunt,
1137 2105 1171 2157 ut

99 2181 303 2242 nihil-eorum
326 2198 580 2259 supervacaneum
609 2179 664 2253 sit,
693 2179 779 2240 nibil·
798 2180 835 2240 ad
862 2180 952 2241 vitam
982 2180 1172 2242 retinendam

99 2284 161 2326 non
183 2265 398 2325 necessarium
427 2265 516 2325 Dedit
538 2273 635 2324 autem
659 2265 763 2325 eadem
786 2272 890 2325 natura
917 2265 1024 2326 belluis
1048 2273 1078 2325 et
1099 2283 1168 2329 sen·
1184 2273 1227 2324 122

98 2367 164 2410 sum
187 2356 217 2409 et
239 2349 419 2427 appetitum,
453 2356 486 2409 ut
514 2349 607 2409 altero
631 2356 771 2409 conatum
792 2347 938 2409 haberent
960 2350 996 2409 ad
1020 2349 1170 2409 naturales

63 2428 68 2437 ⁶
96 2442 201 2512 pastus
225 2434 438 2512 capessendos,
461 2432 555 2494 altero
578 2439 769 2494 secernerent
782 2432 928 2512 pestilera
945 2452 960 2493 a
977 2431 1170 2494 salutaribus.

96 2519 158 2582 lam
181 2535 252 2577 vero
276 2517 332 2578 alia
355 2516 493 2579 animalia
518 2515 697 2595 gradiendo,
727 2517 783 2578 alia
813 2518 962 2596 serpendo
992 2519 1028 2578 ad
1051 2525 1171 2597 pastum

96 2604 256 2675 accedunt,
287 2601 344 2662 alia
373 2602 517 2674 volando,
546 2601 603 2661 alia
633 2602 749 2676 nand03
782 2601 941 2682 cibumque
969 2602 1078 2682 partim
1107 2602 1170 2662 oris

95 2687 179 2748 hiatu
202 2695 232 2747 et
254 2686 393 2748 dentibus
416 2686 491 2765 ipsis
515 2693 685 2765 capessunt,
713 2688 821 2766 partim
845 2689 985 2765 unguium
1009 2686 1170 2748 tenacitate

97 2771 253 2850 arripiunt,
275 2771 386 2850 partim
409 2770 580 2832 aduncitate
600 2777 783 2846 rostrorum;
807 2771 865 2831 alia
889 2778 1007 2848 sugunt,
1031 2770 1088 2831 alia
1105 2788 1170 2830 car-

95 2863 179 2933 punt,
203 2854 262 2915 alia
283 2863 396 2927 vorant,
420 2855 478 2941 alia
502 2855 656 2915 mandunt.
689 2857 786 2933 Atque
802 2855 891 2915 etiam
915 2854 1040 2914 aliorum
1065 2872 1099 2914 ea
1123 2863 1169 2912 est

128 3013 179 3075 47.
201 3019 258 3069 tto.
280 3021 424 3078 occultius
444 3009 615 3069 d.h.obros-
652 3016 809 3080 bedeutuug,
837 3018 862 3066 in
885 3018 997 3068 welcber
1020 3019 1068 3068 Art
1088 3022 1179 3084 plume

96 3092 159 3139 siris
184 3084 280 3135 Deun
273 3101 298 3134 m
317 3085 401 3135 dieser
418 3082 552 3150 specielleu
563 3082 610 3133 Be·
654 3083 790 3145 (Geliederl
804 3086 894 3148 liudp,
910 3104 1006 3152 squama
1017 3086 1096 3135 selten
1110 3099 1167 3134 vor-

97 3155 216 3216 deutung
230 3154 323 3202 ιιοιιιιιιι
345 3157 422 3206 caules
446 3152 530 3213 bautg
552 3165 607 3200 vor.
653 3151 752 3202 kommt.
787 3152 856 3202 Docb
874 3155 918 3203 bat
935 3153 1044 3203 luvenal.
1060 3153 1102 3212 tv,
1117 3154 1164 3203 25:
1216 3174 1220 3179 ·

96 3221 122 3270 S
145 3220 271 3270 Heindorf
285 3237 317 3269 zu
335 3221 395 3271 Hor.
418 3219 471 3270 Sat.
484 3218 514 3275 ll,
530 3221 554 3277 4,
568 3221 606 3269 15
653 3224 696 3270 boc
711 3225 811 3285 pretium
828 3239 936 3288 squamae
955 3222 996 3270 ftir
1011 3239 1185 3296 squamosum,

95 3287 182 3338 Daber
210 3288 291 3337 baben
319 3289 381 3338 auch
409 3287 465 3337 bier
494 3288 609 3336 mehrere
654 3286 677 3334 ιι.
698 3288 722 3335 ιι.
741 3292 813 3353 piscis
836 3295 961 3356 squamosi.

95 3355 289 3407 Handscbrifteu
313 3361 423 3409 brosrieis
447 3354 485 3404 als
509 3352 611 3404 Glosse-
689 3356 745 3406 122.
765 3359 838 3407 altero
857 3366 962 3409 conatum
980 3361 1077 3408 bob.—
1094 3358 1168 3406 altero

94 3438 149 3481 rna,
181 3438 236 3473 was
261 3423 325 3472 deun
349 3425 436 3501 spater
462 3422 540 3472 dureb
569 3421 610 3471 ein
653 3440 739 3474 secere
764 3421 814 3471 ιιιιι
831 3430 1006 3486 sogcnannter·
1017 3422 1162 3478 Cbiasmus;

94 3492 266 3553 augebdngtes
296 3509 339 3557 que
366 3490 391 3539 in
424 3490 471 3539 den
502 3490 611 3540 Context
653 3489 718 3537 deun
736 3489 782 3539 das
800 3497 867 3539 erste
886 3495 957 3543 allero
976 3491 1035 3553 geht
1052 3491 1099 3540 auf
1121 3488 1165 3537 das

96 3558 225 3620 eingefiigt
243 3558 283 3606 ist.
652 3555 748 3606 zuletzt
782 3565 906 3619 genannte
942 3563 1082 3624 appetitum
1120 3556 1165 3606 das

131 3628 188 3676 121.
209 3631 279 3677 coriis
297 3634 377 3677 laetae.
400 3624 484 3674 Demit
502 3611 609 3674 sinddie
652 3625 743 3674 zweite
773 3626 819 3675 auf
843 3625 888 3674 das
921 3632 1007 3675 zuerst
1041 3629 1165 3687 genanute

96 3708 149 3754 sog
169 3692 324 3742 Diolbauter
341 3690 548 3758 (Pacbyderrnen)
567 3706 610 3754 ge·
652 3711 752 3744 sensum.

93 3760 179 3818 nreint
201 3776 231 3809 zu
241 3760 330 3811 denen
349 3760 394 3808 der
411 3759 542 3826 Elephant,
564 3759 609 3814 das
687 3769 754 3826 elque
773 3765 840 3812 etiem
858 3763 1006 3810 eliorum—
1015 3757 1091 3809 .Da
1109 3757 1165 3808 eine

94 3826 219 3886 Nasborn
241 3825 352 3893 dasNilp
355 3827 417 3885 ferd,
440 3826 608 3877 dasScbwein
653 3825 911 3889 Gegeuiiberstellung
935 3826 981 3875 der
1007 3797 1166 3886 niedrigeren

95 3911 119 3944 u.
142 3911 182 3945 aa.
203 3897 322 3958 gebdren.
460 3931 465 3947 ,
603 3916 611 3926 ν
651 3894 715 3944 oder
731 3894 940 3957 kurzbeinigeren
962 3895 1010 3944 und
1029 3895 1074 3944 der
1091 3893 1166 3942 ιιόιιιι-

57 4011 61 4016 .
129 3981 233 4030 ιιιιιιιιιι,
253 3962 304 4012 wie
320 3967 406 4029 plume,
427 3961 451 4010 iu
474 3960 608 4033 Collectiv-
650 3977 696 4012 ren
726 3960 819 4012 Tbiere
852 3961 1003 4022 stattfiudet‚
1036 3977 1063 4012 so
1091 3959 1165 4011 sollte
