2640 4418
342 421 350 439 Ι
442 340 505 392 nur.
524 340 556 393 n.
576 341 648 393 cnr.
671 343 710 393 rr.
732 341 772 394 13.
794 343 835 393 14.
1113 328 1176 405 1'19..
1247 308 1249 313 ’

103 497 225 560 sin'rilis
241 495 281 557 sit
309 506 359 557 aut
387 485 476 556 etiarn
503 493 686 566 bestiarum,
715 494 828 573 optima
854 495 985 573 putanda
1013 495 1053 556 sit
1073 495 1174 574 potius
1253 526 1255 532 v

103 600 194 662 quam
215 579 374 641 deterrima
383 596 395 647 :¹
423 596 480 640 nec
501 597 588 652 rero,
618 577 644 638 si
666 577 793 639 rationis
816 579 966 659 particeps
996 579 1035 639 sit
1057 597 1113 640 nec
1135 578 1175 640 sit

105 675 205 727 tamen
234 683 250 725 a
279 661 429 743 principio
459 661 596 741 sapiens,
625 680 686 722 non
717 661 757 722 sit
784 663 916 724 deterior
942 663 1046 724 mundi
1072 663 1174 742 potius

108 767 198 828 quam
231 746 358 809 humana
390 746 539 807 conditio:
577 747 668 807 homo
699 745 779 808 enim
802 747 933 826 ‘sapiens
967 747 1032 807 fieri
1052 754 1175 831 potest,
1224 753 1231 760 ”

106 834 236 894 mundus
259 841 371 905 autem,
401 830 427 891 si
456 831 487 890 in
509 837 631 891 aeterno
653 830 809 908 praeteriti
831 832 975 910 temporis
998 831 1096 910 spatio
1120 831 1177 892 luit
1252 861 1255 865 >

28 954 37 970 a
107 916 266 996 insipiens,
288 932 449 993 numquam
465 915 602 992 prolecto
624 912 803 991 sapientiam
819 923 1034 994 consequetur:
1058 916 1099 976 ita
1121 915 1178 976 erit

105 1000 229 1062 homine
258 999 398 1061 deterior.
443 997 531 1071 Quod
559 997 700 1076 quoniam
728 996 891 1059 absurdum
912 1007 972 1071 est,
1004 1007 1034 1060 et
1055 1000 1177 1078 sapiens

106 1104 125 1145 a
148 1083 299 1163 principio
321 1082 450 1143 mundus
473 1090 503 1142 et
525 1083 598 1143 deus
621 1080 777 1151 habendus
800 1091 855 1142 est.
902 1083 1006 1162 Neque
1028 1083 1108 1144 enim
1131 1091 1219 1144 estat

109 1169 272 1247 quidquam
302 1166 383 1227 aliud
410 1174 530 1245 praeter
557 1165 716 1240 mundum,
746 1165 792 1226 cui
817 1165 891 1226 nihil
913 1166 1010 1240 absit,'
1037 1168 1176 1246 quodque

48 1322 53 1326 ,
108 1252 242 1331 undique
272 1258 374 1329 aptum
405 1258 494 1327 atque
527 1250 693 1328 perlectum
727 1247 934 1329 expletumque
967 1250 1007 1319 sit
1039 1249 1178 1311 omnibus

108 1337 173 1398 suis
196 1334 331 1396 numeris
355 1345 384 1394 et
404 1333 549 1412 parribus.
593 1333 675 1394 Scite
697 1333 777 1394 enirn
801 1333 998 1413 Chrysippus,
1028 1341 1061 1395 ut
1083 1333 1179 1413 clypei
1194 1329 1236 1400 14

110 1438 217 1481 caussa
240 1418 442 1491 involucrum,
471 1416 607 1494 vaginam
630 1425 729 1498 autem
753 1417 859 1495 gladii,
888 1419 931 1479 sic
953 1427 1072 1497 praeter
1092 1436 1179 1480 mun-

112 1505 183 1564 dum
206 1510 305 1563 cetera
328 1501 427 1562 omnia
443 1501 578 1562 'aliorum
602 1517 707 1562 caussa
730 1521 797 1563 esse
821 1511 974 1580 generata,
997 1511 1029 1563 ut
1051 1521 1102 1564 eas
1118 1503 1179 1563 lru·

112 1605 166 1664 ges
203 1596 293 1663 atque
330 1583 444 1645 fructus
477 1604 552 1664 quos
589 1593 667 1646 terra
704 1586 805 1663 gignat
839 1587 1034 1666 animantium
1064 1603 1207 1669 caussa,-

112 1671 281 1731 animantes
304 1678 403 1728 autern
417 1669 587 1741 hominum,
610 1677 643 1729 ut
658 1688 766 1748 equum
781 1671 909 1731 vehendi
931 1691 1055 1744 caussa,
1078 1668 1181 1732 arandi

113 1755 236 1825 bovem,
268 1753 397 1814 venandi
428 1762 456 1814 et
485 1752 675 1825 custodiendi
706 1772 819 1826 canem.
868 1756 937 1834 lpse
965 1765 1063 1817 autern
1089 1756 1181 1816 homo

113 1851 198 1900 ortus
221 1845 269 1898 est
296 1838 332 1898 ad
362 1837 505 1905 mundum
533 1837 794 1916 contemplandum
823 1846 853 1899 et
880 1839 1071 1911 imitandum,
1100 1838 1181 1899 nullo

116 1922 207 1984 modo
235 1922 402 2001 perfectus,
432 1922 485 1981 sed
513 1930 559 1981 est
588 1921 733 1999 quaedam
760 1921 904 2000 particula
933 1922 1070 2000 perfecti.
1122 1920 1226 1984 Sedet

115 2007 245 2067 mundus
279 2005 420 2084 quoniam
457 2005 557 2066 omnia
594 2005 766 2084 complexus
790 2013 851 2077 est,
889 1997 1108 2085 (nequeenim
1137 2015 1185 2067 est

148 2140 190 2191 36.
211 2143 311 2190 deterior
335 2143 421 2204 potios.
456 2137 515 2188 Mau
538 2138 627 2188 wtrde
669 2138 767 2188 dieser:
795 2136 877 2194 Alles,
904 2152 959 2188 was
983 2153 1030 2187 nur
1047 2137 1085 2188 uls
1100 2136 1182 2194 Mittcl
1274 2129 1277 2134 ’

112 2208 173 2258 sehr
180 2206 256 2265 irretr,
270 2220 408 2255 weunuran
418 2210 496 2271 potius
504 2206 545 2255 lin*
555 2205 628 2255 riber-
670 2221 726 2256 zum
743 2204 837 2277 Zweck
856 2207 898 2255 fiir
915 2205 955 2255 eiu
970 2207 1084 2256 Ardores
1103 2205 1179 2265 dicut,

113 2275 201 2336 iliissig
218 2273 268 2323 und
290 2274 332 2323 liir
348 2273 404 2322 eine
418 2272 492 2322 ¹bione
509 2272 628 2323 Verstrir·
670 2273 704 2324 ist
721 2273 788 2322 nicht
805 2273 910 2331 absolut,
932 2274 1040 2335 sondern
1058 2288 1105 2323 nur
1117 2272 1183 2322 rela-

113 2343 182 2404 lrung
198 2357 248 2390 von
266 2345 366 2392 deterior
383 2339 467 2390 hielte.
500 2340 641 2391 Vielrnchr'
669 2340 706 2390 tiv
722 2339 894 2390 vollkonrmeu.
931 2340 978 2390 Die
995 2339 1070 2390 Welt
1096 2339 1181 2398 ullcin,

112 2425 162 2459 nur
176 2413 255 2476 potius
273 2406 427 2456 alleiudient
438 2406 570 2469 cigentliclr
583 2422 629 2457 zur
670 2408 703 2457 da
720 2407 757 2457 sie
770 2405 838 2456 Alles
852 2407 876 2456 iu
895 2407 946 2456 sich
966 2408 1037 2464 lasst
1058 2407 1112 2457 also
1130 2406 1184 2466 kei-

114 2474 356 2539 Vergleichungder
365 2474 455 2524 beiden
466 2473 570 2524 Glieder
579 2474 629 2524 und
671 2490 725 2524 nem
748 2474 851 2524 Andcru
876 2474 913 2524 als
937 2474 1018 2526 Mittel
1042 2475 1123 2532 dicut,
1151 2474 1185 2527 iu

114 2553 242 2607 sagittus,
265 2543 324 2592 dass
342 2541 516 2592 dusPrddicat
529 2547 629 2595 deterior
672 2542 843 2595 Selhstzweclr
870 2543 920 2592 und
942 2541 1043 2592 absolut
1065 2541 1185 2593 volllrom-

33 2659 36 2668 ,
112 2615 176 2662 cher
200 2611 256 2662 dem
278 2609 406 2660 Zustaude
431 2610 477 2660 der
493 2609 568 2661 Welt
591 2608 629 2658 uls
670 2626 735 2660 men.
772 2609 882 2672 Folglich
905 2610 971 2659 kunn
995 2609 1035 2659 ihr
1057 2610 1120 2659 auch
1138 2610 1184 2659 das

113 2680 171 2728 dern
181 2680 226 2729 des
233 2679 367 2729 Meuschcu
376 2678 521 2727 zulomnren
528 2678 626 2727 winde.
671 2679 739 2728 nicht
757 2676 846 2735 lehlen,
869 2676 1100 2741 ohncwelclresqie
1118 2676 1186 2726 nicht

114 2746 162 2796 Die
179 2745 364 2808 Vergleichung
381 2746 520 2808 alienant
532 2745 629 2794 welche
672 2745 771 2796 absolut
787 2734 951 2795 vollkommeir
969 2745 1023 2794 scin
1037 2734 1135 2801 w’lirde
1157 2742 1182 2793 d.

116 2814 164 2863 der
183 2812 342 2877 Compactiv
360 2817 459 2864 deterior
476 2813 575 2870 lentot,
596 2811 631 2862 ist
673 2813 697 2862 tr.
718 2812 758 2862 die
777 2811 911 2862 Veruunlt.
1094 2826 1118 2877 ἢ

117 2880 143 2929 in
162 2879 208 2928 der
226 2878 351 2928 Satzlorrn
374 2879 443 2927 nicht
458 2879 556 2928 weiterx
572 2894 630 2929 aus·
707 2883 737 2931 od
761 2884 871 2931 mundum
888 2904 919 2915 -
937 2881 1081 2929 imitandum.
1124 2875 1185 2927 Dies

116 2947 235 3010 gefdhrt‚
256 2943 316 2994 weil
333 2943 370 2992 sie
389 2944 441 2993 sich
459 2945 565 2994 chuchin
582 2961 631 2994 von
673 2946 732 3007 geht
750 2944 817 2995 nicht
834 2952 902 2994 etwa
914 2945 961 2993 cul
971 2943 1110 2993 kriustlichc
1123 2943 1202 2998 oder-2

118 3013 199 3063 selbst
219 3013 340 3062 verstelrt.
378 3009 435 3060 Mau
459 3011 540 3061 denke
564 3019 631 3061 etwa
672 3010 854 3061 kriustlerisclrc
871 3009 1049 3072 Nachuhmuug
1072 3010 1118 3059 der
1134 3008 1187 3060 Na-

117 3085 220 3133 deterior
237 3085 265 3133 de
283 3083 380 3131 duobus.
532 3113 533 3117 ,
673 3087 721 3135 tur,
743 3078 850 3127 sondern
869 3079 917 3127 aul
930 3077 1187 3141 Uehereinstirnruung

153 3149 193 3199 37.
207 3151 321 3213 'undique
344 3155 435 3210 aptum:
466 3160 536 3202 „von
566 3143 631 3194 allen
674 3145 707 3194 irn
715 3143 820 3195 Wollen
838 3146 1011 3196 undHandcln
1029 3145 1074 3196 nrit
1091 3145 1147 3195 dem
1162 3145 1188 3196 in

119 3215 214 3272 Scires,
227 3214 250 3263 d.
260 3214 283 3263 lr.
295 3213 321 3262 in
326 3213 403 3278 jeder
412 3211 525 3277 llinsicht
533 3213 632 3262 zwecli-
675 3214 721 3262 der
744 3212 819 3263 Wclt
836 3213 983 3274 ,waltenden
1011 3213 1188 3276 vernriulligcn

119 3282 214 3343 missis
229 3278 422 3330 undsclricklich
435 3279 633 3342 cingerichretst
675 3281 724 3330 und
749 3279 873 3331 sittliclreu
892 3281 995 3339 Gesetz.
1022 3281 1067 3331 das
1092 3275 1188 3348 ὁμολο-

100 3379 153 3401 x-
177 3348 230 3398 Zur
252 3346 396 3410 Erlrlirung
425 3348 470 3397 des
501 3347 654 3415 folgenden
675 3346 815 3415 γουμένως
832 3349 865 3417 τῇ
883 3344 966 3418 φύσει
983 3347 1038 3409 ζῆν.
1075 3347 1133 3413 Vgl.
1157 3346 1188 3397 de

123 3415 327 3478 zwarlouugen.
349 3413 410 3465 uber
423 3413 634 3465 nichtvoudllen
678 3415 776 3466 Senect.
797 3432 819 3466 c.
840 3419 880 3475 21,
902 3420 949 3468 tt:
979 3421 1024 3468 Sed
1047 3419 1114 3468 credo
1134 3418 1189 3466 deos

122 3484 215 3544 richtig
240 3482 368 3545 gelassten
385 3483 531 3533 Ausdrucks
553 3483 587 3532 ist
604 3498 635 3531 zu
676 3484 817 3535 immortales
830 3488 943 3549 sparsisse
955 3487 1044 3535 animos
1056 3487 1081 3533 in
1093 3498 1190 3547 corporo

122 3551 266 3609 bernerlreu‚
283 3549 341 3598 dass
352 3555 441 3603 numdi
452 3551 493 3600 die
506 3549 635 3600 einzelnen
679 3555 785 3613 lumerto,
805 3560 830 3601 ot
842 3561 915 3602 errent
928 3555 967 3616 qui
978 3560 1050 3601 terror
1064 3556 1188 3610 torreretur,
1221 3592 1224 3595 Α

23 3620 26 3624 “
124 3608 217 3669 sidere
234 3617 356 3675 bedente,
386 3616 426 3666 die
445 3618 497 3668 sich
516 3633 547 3667 an
566 3618 636 3668 einer
678 3622 763 3684 quique
776 3621 907 3669 coelestium
921 3621 1024 3669 ordinem
1038 3616 1191 3679 contemplac-

124 3684 190 3735 Sach
235 3683 403 3746 ahgesoudcrt
428 3685 561 3735 aulzdhlen
587 3685 636 3734 und
679 3693 712 3737 ter
730 3689 874 3736 imitarentur
891 3702 942 3736 eom
958 3689 1017 3735 uitae
1037 3686 1104 3734 modo
1123 3689 1191 3747 utque

124 3753 198 3803 bctra
256 3767 271 3800 u
288 3750 381 3800 lusson·
680 3757 815 3803 constantia.
841 3750 929 3801 Seuec.
943 3750 973 3799 de
984 3749 1028 3800 vit.
1042 3748 1109 3798 beat.
1122 3749 1188 3798 crit:

159 3815 206 3874 14·
234 3822 295 3872 Scite
320 3823 378 3869 enim
400 3820 479 3895 dirps
493 3838 543 3885 pce.
585 3818 638 3869 Der
680 3837 694 3870 o
718 3827 801 3871 colore
827 3838 875 3870 doc
899 3823 1004 3871 deerrare
1027 3825 1048 3869 et
1072 3819 1106 3891 αξ
1125 3817 1190 3867 illios

126 3886 187 3938 Sion
205 3886 249 3936 des
262 3900 312 3934 von
325 3884 413 3935 Cicero
427 3899 467 3934 ure
484 3894 569 3948 lganz
581 3886 638 3937 lrlcr
680 3890 751 3951 teqem
774 3890 944 3954 eeemptrmqor
965 3888 1074 3952 formari,
1089 3887 1195 3950 sopien-

121 3962 325 4017 vorgctragenen
352 3951 480 4004 Beweises
513 3953 546 4004 ist
570 3953 638 4005 wolrl
680 3959 713 4005 tio
731 3961 772 4005 eet.
