2640 4418
168 322 228 385 132
520 333 564 385 uu
583 332 718 386 nurum
735 322 882 387 uuonou.
926 362 930 369 ι

165 489 257 566 telligi
280 496 411 568 potest·
434 486 493 549 Sed
525 489 603 567 quod
627 508 661 549 ex
680 488 770 549 'nobis
793 499 882 550 natos'
901 490 1014 568 liberos
1037 448 1233 571 appellamus,

59 641 63 656 Ι
164 574 279 635 idcirco
302 573 409 640 Cerere
431 572 493 634 nati
516 575 662 635 nominati
690 580 761 635 sunt
780 573 871 636 Liber
892 582 923 635 et
943 575 1077 642 Lihe'ra:¹
1099 578 1179 656 quod
1201 581 1233 641 in

165 659 273 720 Libera
296 666 429 730 servant,
463 659 493 718 in
515 658 626 718 Lihero
661 676 720 720 non
743 658 823 719 item.
867 659 944 720 llino
967 660 1056 721 etiam
1079 661 1232 738 Romulus,

59 786 60 792 κ
164 761 253 821 quem
275 742 403 821 quidem
417 741 545 803 eundem
567 761 635 805 esse
658 742 817 815 Quirinum
837 752 958 822 putant:
992 763 1119 824 quorum
1142 732 1232 827 quum

163 835 352 888 remanerent
373 827 464 887 animi
488 835 576 906 atque
597 829 773 901 aeternitate
800 826 984 904 fruerenturf,
1014 829 1056 893 dii
1083 830 1140 892 rite
1163 844 1234 895 sunt

119 911 257 973 enahin
265 931 277 996 3
312 930 401 990 quum
435 921 465 972 et
486 912 591 991 optimi
623 921 726 974 essent
746 923 776 972 et
798 912 923 988 aeterni.
967 913 1031 974 nlia
1055 931 1174 994 quoque
1196 937 1232 978 ex
1264 953 1272 958 -

162 996 284 1057 ratione·
307 1003 337 1056 et
370 996 488 1074 quidem
512 997 640 1076 physica
667 1014 774 1074 magna
806 997 889 1057 lluxit
910 998 1067 1058 multitudo
1095 1000 1231 1076 deorum,

164 1081 215 1160 qui
236 1080 332 1141 induti
356 1081 458 1159 specie
479 1082 607 1153 humana
629 1080 745 1142 fabulas
767 1081 866 1159 poetis
880 1082 1152 1160 suppeditarerunt,
1175 1086 1231 1145 ho-

162 1165 275 1227 minum
292 1174 390 1226 autem
404 1166 495 1226 vitam
511 1165 730 1245 superstitione
743 1165 823 1225 omni
844 1166 1040 1229 referserunt.
1061 1168 1158 1246 Atque
1179 1171 1231 1230 hic

159 1250 244 1312 locus
267 1268 284 1310 a
305 1251 424 1312 Zenone
445 1258 605 1323 tractatus,
627 1257 697 1329 post
719 1268 736 1310 a
759 1249 901 1313 Cleanthe
924 1260 954 1311 et
976 1250 1141 1331 Chrysippo
1163 1253 1231 1333 plu·

76 1368 82 1372 ·
162 1335 246 1395 rihus
267 1334 367 1395 verbis
389 1335 553 1414 explicatus
568 1342 624 1405 est.
667 1333 838 1422 Namnetus
859 1335 935 1396 haec
956 1335 1060 1415 opinio
1074 1338 1231 1400 Graeciam

163 1419 311 1500 opplevit,
346 1428 496 1481 exsectum
520 1420 639 1480 Caelum
670 1438 686 1479 a
714 1419 777 1479 lilio
801 1421 939 1492 Saturno,
971 1420 1102 1481 vinctum
1131 1431 1230 1484 autem

118 1506 324 1566 oeSaturnum
353 1503 451 1582 ipsum
480 1521 496 1563 a
527 1503 589 1563 lilio
611 1505 689 1564 love.
732 1503 858 1583 Physica
885 1504 963 1566 ratio
982 1524 1053 1566 *non
1076 1505 1230 1586 inelegans

41 1594 44 1602 ’
162 1589 277 1650 inclusa
306 1595 350 1648 est
373 1588 405 1647 in
439 1588 545 1666 impias
568 1587 704 1662 fabulas;
742 1588 900 1649 caelestem
922 1589 1017 1662 enim,
1055 1590 1232 1653 altissimam

162 1673 391 1750 aethereamque
413 1680 556 1745 naturam,
580 1672 611 1733 id
634 1672 833 1749 estigneam,
866 1691 941 1752 quae
963 1692 1018 1753 per
1040 1693 1107 1736 sese
1130 1677 1231 1738 omnia

163 1757 306 1836 gigneret,
339 1775 444 1818 vacare
474 1756 631 1818 voluerunt
661 1776 694 1818 ea
718 1766 802 1837 parte
825 1757 970 1837 corporis,
1006 1776 1081 1839 quae
1104 1760 1230 1820 coniun-

105 1836 148 1909 25
164 1841 264 1902 ctione
296 1840 419 1902 alterius
453 1849 554 1918 egeret
595 1841 632 1902 ad
665 1842 893 1920 procreandum.
914 1864 919 1868 ·
937 1843 1097 1905 Sanunum
1131 1852 1230 1906 autem

162 1945 229 1988 eum
252 1944 320 1987 esse
342 1924 512 1998 voluerunt,
549 1927 599 2005 qui
623 1944 742 1988 cursum
765 1934 795 1988 et
816 1926 1043 1988 conversionem
1063 1929 1231 2008 'spatiorum

162 2030 196 2074 ao
216 2019 385 2090 temporum
408 2010 589 2082 contineret,
624 2011 674 2090 qui
697 2011 770 2072 deus
793 2010 906 2073 Graece
933 2011 964 2072 id
992 2012 1091 2090 ipsum
1120 2032 1231 2076 nomen
1300 2082 1302 2087 ,

163 2095 269 2169 habet3
292 2088 422 2178 Κρόνος
454 2095 534 2156 enim
556 2095 680 2168 dicitur,
715 2095 766 2174 qui
800 2087 946 2156 estidem
968 2089 1092 2181 χρόνος,
1132 2098 1232 2176 idest
1302 2090 1305 2095 ¹

162 2181 293 2260 spatium
315 2179 471 2259 temporis.
514 2182 660 2253 Saturnus
681 2189 780 2241 autem
801 2186 848 2240 est
868 2179 1049 2272 appellatus²
1079 2181 1158 2260 quod
1181 2202 1231 2244 so-

166 2345 228 2396 aher
242 2346 404 2396 nachhermit
414 2345 591 2396 Grieehisohen
604 2346 678 2397 Gott-⁸
718 2346 767 2396 die-
783 2345 808 2395 in
833 2347 879 2396 der
895 2343 961 2397 ruat
984 2347 1064 2399 nichts
1083 2347 1120 2398 uls
1137 2345 1231 2399 Natur-

165 2413 256 2472 heiten,
272 2413 318 2463 der
331 2412 540 2480 Persephone
554 2415 604 2464 und
615 2414 675 2464 De·
718 2414 802 2464 kriste
814 2415 876 2464 oder
884 2411 1063 2478 Naturgeister
1080 2416 1142 2470 sind.
1164 2417 1232 2466 nicht

164 2489 280 2539 meter,
309 2481 462 2532 identifioirt
482 2510 515 2520 -
544 2483 590 2532 Die
608 2482 676 2550 My·
717 2481 773 2532 hlos
801 2482 996 2556 perso'nificirte,
1035 2484 1143 2534 sonderu
1169 2485 1231 2534 auch

164 2548 306 2606 elerico,
328 2549 434 2600 orecte.
455 2551 538 2610 meiut
560 2551 615 2600 siud
633 2550 676 2600 oh·
718 2549 867 2599 meusohlich
886 2549 1005 2611 gestultet
1022 2551 1072 2599 und
1092 2551 1232 2618 uberhaupt

92 2664 103 2675 ,
166 2632 196 2667 ne
213 2615 326 2669 Zweil'el
350 2617 391 2667 die
415 2617 618 2685 Elepsinisches‚
650 2616 675 2666 in
718 2616 949 2667 menschenihnlioh
984 2617 1086 2674 dachm,
1125 2633 1152 2666 so
1183 2620 1231 2680 gah

165 2684 244 2733 denen
268 2684 348 2734 nehen
371 2682 489 2737 Demeter
515 2686 564 2737 und
586 2687 676 2736 Perse-
719 2683 773 2733 (lies
803 2684 867 2732 daun
893 2683 1083 2745 Veranlnssung
1115 2700 1146 2733 zu
1182 2687 1230 2735 den

164 2753 244 2817 phone
274 2752 336 2802 oder
363 2753 431 2804 Kore
461 2756 523 2805 auch
549 2753 675 2819 Dionysus
717 2749 929 2817 mythologischen
947 2750 1082 2801 Fabeleien
1100 2752 1231 2803 derDich-

163 2821 267 2870 verehrt
291 2821 392 2871 wurde:
423 2823 484 2873 aher
510 2823 594 2872 dieser
611 2835 676 2886 my·
717 2825 766 2868 ter.

164 2887 429 2958 stischeDionysus
443 2890 556 2941 ersohien
573 2904 601 2938 so
618 2902 676 2937 ver·
752 2882 804 2942 25·
825 2888 865 2938 64.
892 2891 1020 2955 spatiorum
1045 2905 1071 2939 oc
1094 2895 1229 2953 temporum.

164 2956 281 3005 sehieden
304 2967 351 3006 rou
381 2959 437 3009 deun
465 2955 677 3024 mythologiscllen
718 2955 789 3004 nuel
807 2955 868 3015 hier,
889 2954 940 3005 wie
958 2955 995 3005 oft
1012 2956 1088 3004 schou
1105 2955 1226 3014 hemerkt

166 3023 232 3073 Sohn
256 3024 303 3074 der
325 3024 436 3085 Semele,
469 3026 527 3075 dass
546 3023 599 3088 Cic,
618 3025 677 3076 heiu
720 3023 766 3074 des
793 3023 883 3074 zweite
906 3022 986 3076 Wort
1015 3038 1061 3072 zur
1087 3023 1231 3086 Erkliirung

166 3091 299 3142 Bedonken
317 3096 397 3156 trigt,
423 3095 464 3143 ihn
484 3094 525 3143 hir
542 3093 677 3143 deuselhen
721 3092 765 3142 des
788 3099 882 3142 ersten.
910 3121 940 3128 -
967 3089 1051 3151 (legen
1076 3089 1117 3137 die
1140 3106 1230 3153 vorge-

165 3159 319 3275 mill”jenem
348 3160 515 3211 altitnhscheu
538 3160 616 3211 Liber
645 3176 676 3210 zu
717 3167 821 3275 gageipfe
834 3157 977 3275 Ellfflllng
990 3153 1230 3276 ¹:lgssNamenZflund

167 3242 197 3276 er
224 3243 292 3277 aren.
739 3240 785 3287 egr
812 3240 839 3274 es
875 3241 902 3274 es
948 3240 983 3275 ro
1055 3263 1060 3281 ‚
1094 3240 1122 3273 so
1187 3242 1230 3289 ge-

200 3299 225 3346 io
242 3301 323 3349 Libero
347 3313 394 3346 noo
410 3300 477 3357 item,
506 3295 530 3343 d.
557 3297 581 3344 h.
607 3295 676 3343 wih-
717 3292 782 3341 mein
800 3291 937 3342 verhreitet
954 3290 991 3342 sie
1019 3294 1080 3341 auch
1111 3293 1152 3343 hei
1181 3295 1229 3344 den

166 3363 229 3412 rond
240 3368 321 3415 hibero
338 3360 469 3422 allgemein
488 3361 530 3410 hir
546 3361 586 3410 die
596 3359 695 3411 'loch‘
717 3358 966 3422 nlteuhllegorikern
983 3374 1045 3418 war,
1067 3359 1158 3410 liessen
1177 3361 1228 3410 sich

166 3437 207 3480 ter
230 3430 276 3480 der
293 3428 394 3478 Ceres
411 3420 464 3489 'gill
487 3427 539 3476 und
562 3428 609 3477 ‹ler
624 3424 676 3477 Nn·
718 3425 780 3475 doch
804 3426 870 3477 nicht
893 3427 1067 3477 unerhehliche
1095 3428 1229 3479 Bedenhen

166 3513 205 3549 me
223 3498 315 3547 durrus
334 3493 431 3544 erklmt
446 3494 529 3553 mirei,
550 3495 596 3557 gilt
614 3495 675 3545 doch
716 3493 881 3556 vorhringen,
913 3511 988 3545 weun
1016 3512 1047 3544 zu
1071 3495 1229 3558 dergleiohen

166 3570 234 3618 uper
250 3561 317 3616 nicht
335 3561 376 3610 hir
404 3562 451 3611 den
469 3562 536 3612 Sohn
554 3564 600 3613 der
618 3562 676 3613 Ge·
718 3561 773 3612 hier
789 3562 869 3612 Reum
885 3565 964 3614 wire.
1002 3563 1084 3613 [leber
1107 3563 1148 3613 die
1166 3564 1229 3631 Ety-

166 3647 228 3683 res.
249 3656 281 3667 -
299 3629 350 3679 rur
367 3645 466 3680 wessen
485 3629 551 3681 Sohu
568 3631 633 3683 uber,
647 3646 677 3681 er
718 3629 823 3693 mologie
840 3647 889 3681 von
907 3635 1020 3684 Saturnus
1043 3630 1092 3680 und
1110 3631 1150 3680 die
1168 3633 1228 3682 mei-

167 3696 290 3763 gegolten
311 3697 405 3748 wiseeu
422 3698 472 3749 wir
489 3699 563 3749 nicht.
717 3705 773 3748 sten
791 3697 837 3748 der
854 3699 970 3762 heriger,
997 3697 1038 3748 (lie
1061 3698 1117 3748 hier
1132 3699 1224 3772 fulgen,

166 3783 303 3884 volitorumI
330 3776 572 3886 ‹plegemwremonereat
597 3772 676 3820 enimi.
717 3766 813 3884 {prictht
828 3766 903 3886 gotta
920 3766 962 3884 llfL
983 3768 1153 3884 Mlnlelmm
1163 3782 1227 3882 ἔρν-

219 3849 276 3882 .zu
306 3874 311 3892 ,
368 3874 373 3892 ,
430 3872 436 3884 .
743 3850 800 3885 ene
853 3851 981 3885 erwerun
1116 3857 1123 3865 ·
1187 3849 1226 3884 rne

191 3847 241 3952 g63.
262 3907 337 3954 induti
360 3909 434 3969 specie
461 3909 573 3968 hnmano,
604 3902 628 3952 d·
648 3903 672 3951 h·
733 3903 879 3968 mhsshlerm
900 3848 1013 3955 samma
1030 3921 1045 3954 θ
1062 3911 1127 3964 ttius
1147 3901 1227 3964 gehen

166 3968 226 4020 weil
249 3984 305 4020 men
328 3970 396 4020 disse
414 3972 547 4034 gitthohen
565 3968 672 4031 wesen,
717 3919 800 4023 l'erro
818 3969 848 4022 h.
868 3970 897 4020 L.
918 3970 952 4028 V:
969 3972 1004 4022 64
1021 3980 1045 4019 u.
1066 3969 1112 4019 hu.
