2640 4418
360 384 363 391 .
449 300 844 419 mummmm
1122 329 1181 392 m

111 497 169 558 hus
190 495 271 556 vesci
294 492 583 580 scelus'haberetur.
627 495 763 572 Longum
792 503 838 555 est
865 494 1015 556 mulorum
1035 495 1178 574 persequi
1194 491 1238 562 64

112 580 258 642 utilitates
280 578 593 659 cassianumque
616 587 695 640 certe
718 579 754 639 ad
777 579 932 640 hominurn
954 597 1040 640 usum
1064 572 1181 658 paratae

111 674 193 727 sunt.
239 665 296 726 Sus
318 683 387 727 vero
410 664 484 744 quid
503 663 596 725 habet
616 672 736 743 praeter
758 661 881 724 escam?
912 663 965 725 Cui
988 663 1118 743 quidem,
1141 682 1179 726 ne
1195 673 1241 725 too

114 757 308 829 putresceret,
336 749 466 823 animam
498 748 595 828 ipsam
617 746 672 827 pro
696 749 758 809 sale
781 749 880 810 datam
903 748 977 810 dicit
999 767 1066 810 esse
1090 748 1181 828 Chry-

114 835 232 913 sippus.
276 834 339 907 Qua
371 834 503 913 pecude,
536 834 703 916 quoderat
729 833 765 894 ad
798 833 978 895 vescendum
1009 832 1183 899 bominibus

102 927 194 998 apta,
218 919 408 998 nihilgenuit
429 924 534 978 natura
556 918 724 979 fecundius,
770 917 848 990 Quid
870 916 1091 979 multitudinem
1114 937 1181 979 sua—

109 1004 293 1083 vitatemque
325 1001 609 1083 pisciumfdioam?
642 1002 713 1082 quid
747 1000 867 1063 avium?
904 1021 937 1062 ex
971 1002 1078 1081 quibus
1100 1010 1181 1063 tanta

113 1088 280 1168 percipitur
311 1088 464 1167 voluptas,
497 1095 531 1148 ut
561 1087 710 1149 interdum
737 1087 875 1148 Pronoea
906 1097 1010 1149 nostra
1035 1087 1183 1167 Epicurea

112 1173 208 1235 luisse
229 1173 373 1234 videatur.
418 1171 513 1250 Atque
535 1173 591 1233 bae
613 1190 651 1233 ne
682 1180 860 1251 caperentur
881 1171 1017 1250 quidem,
1044 1172 1105 1232 nisi
1126 1173 1181 1233 ho·

112 1258 226 1327 minum
249 1259 366 1319 ratione
388 1265 476 1335 atque
499 1256 648 1330 sollertia3
671 1275 850 1336 quamquam
872 1274 942 1317 aves
965 1256 1122 1335 quasdam,
1152 1267 1182 1318 et

111 1342 198 1403 alites
221 1350 252 1402 et
283 1341 419 1414 oscines,
448 1349 480 1401 ut
502 1341 597 1402 nostri
620 1359 749 1419 augures
772 1341 937 1421 appellant,
967 1359 1068 1401 rerum
1089 1359 1180 1418 augu-

111 1427 271 1487 randarum
285 1444 392 1487 caussa
414 1444 482 1487 esse
504 1435 589 1499 natas
611 1435 762 1504 putamus.
804 1427 866 1487 lam
888 1444 959 1486 vero
982 1424 1126 1486 immanes
1150 1433 1180 1486 et
1194 1435 1237 1486 161

111 1511 191 1570 leras
223 1507 350 1580 belluas
371 1510 573 1588 nanciscimur
604 1512 756 1584 venando,
789 1519 822 1572 ut
855 1520 885 1571 et
905 1528 1060 1571 vescamur
1080 1508 1119 1570 iis
1152 1518 1182 1571 et

109 1609 304 1654 exerceamur
325 1593 357 1671 in
378 1594 514 1654 venando
537 1594 574 1655 ad
597 1595 822 1655 similitudinem
844 1595 970 1656 bellicae
993 1594 1180 1674 disciplinae,

110 1686 147 1741 et.
163 1687 280 1739 utamur
302 1678 423 1739 domitis
445 1686 475 1739 et
497 1679 739 1752 condocelactis,
762 1688 794 1739 ut
816 1680 993 1759 elephantis,
1028 1680 1181 1759 multaque

109 1782 147 1823 ex
169 1781 270 1825 earum
292 1757 470 1842 corporibus
492 1763 624 1824 remedia
647 1763 761 1824 morbis
784 1773 813 1824 et
828 1764 1000 1825 vulneribus
1015 1765 1180 1838 eliciamus,

109 1845 189 1908 sicut
223 1866 259 1908 ex
292 1848 469 1926 quibusdam
501 1847 646 1926 stirpibus
679 1856 709 1907 et
730 1848 842 1918 herbis,
880 1867 1005 1925 quarum
1036 1848 1180 1908 utilitates
1214 1907 1217 1910 ⁴

109 1932 273 2011 longinqui
288 1933 432 2011 temporis
460 1951 517 1993 usu
540 1943 569 1992 et
589 1931 808 2011 periclitatione
830 1932 1030 2010 percepimus.
1074 1932 1180 1992 Totam

109 2013 181 2076 licet
202 2016 327 2090 animia,
349 2026 499 2097 tamquam
522 2016 632 2088 oculis,
659 2016 787 2077 lustrare
811 2024 918 2076 terram
940 2017 1093 2093 mariaque
1106 2035 1179 2076 *om-

108 2100 176 2173 nia3
210 2120 314 2162 cernes
352 2102 411 2162 iam
434 2102 530 2181 spatia
554 2101 696 2179 frugifera
720 2100 808 2179 atque
830 2101 976 2160 immensa
1007 2119 1180 2178 camporum

108 2185 292 2265 vestitusque
314 2186 514 2248 densissimos
535 2186 697 2257 montium,
726 2185 876 2265 pecudum
897 2193 1019 2264 pastus,
1049 2193 1110 2245 tum
1134 2185 1180 2245 in-

107 2269 246 2330 credibili
269 2289 373 2331 cursus
396 2271 561 2331 maritimos
576 2270 739 2332 celeritate.
782 2270 845 2331 Nec
858 2288 928 2329 vero
941 2287 1034 2347 supra
1057 2278 1176 2341 terram,
1193 2280 1238 2331 162

107 2353 163 2414 sed
196 2355 286 2414 etiam
309 2355 340 2414 in
362 2355 475 2415 intimis
510 2356 575 2415 eius
596 2354 728 2415 tenebris
761 2354 954 2432 plurimarum
987 2372 1086 2414 rerum
1110 2354 1181 2416 latet

109 2436 232 2510 utilitas,
267 2435 352 2515 quae,
387 2439 423 2499 ad
447 2457 533 2511 usum
556 2438 711 2499 hominum
733 2449 814 2512 orta,
850 2438 886 2498 ab
910 2437 1082 2498 hominibus
1105 2439 1180 2500 solis

107 2522 268 2583 invenitur.
312 2522 387 2584 lllud
409 2542 490 2594 vero,
513 2523 593 2602 quod
616 2532 742 2603 uterque
759 2531 890 2585 vestrum
905 2524 1032 2586 sortasse
1054 2524 1179 2604 arripiet
1193 2521 1238 2590 65

62 2708 66 2715 ·
108 2719 142 2727 -
158 2689 224 2740 nass
244 2690 290 2739 den
308 2686 443 2752 Pilugstier
460 2705 492 2740 zu
510 2688 621 2743 schlacb-
664 2690 740 2741 lirhrt.
791 2690 816 2741 S.
843 2689 964 2742 Villoison
994 2690 1069 2741 theol.
1101 2692 1174 2759 phys.

106 2764 150 2806 ten
172 2773 220 2807 vor
242 2757 328 2807 Alters
351 2758 376 2807 in
404 2756 493 2809 ltalien
516 2758 567 2809 wie
595 2758 620 2807 in
664 2758 741 2809 Stolo.
763 2759 846 2809 hinter
860 2759 1045 2821 Osannshusg.
1059 2759 1103 2808 des
1116 2759 1177 2809 Cor-

107 2824 292 2874 Griechenlund
310 2826 352 2891 [dr
374 2826 486 2876 srindlich
504 2826 620 2888 gehalten
664 2835 738 2876 nutus
755 2841 779 2890 p.
800 2829 859 2878 396.

108 2893 158 2940 und
181 2890 222 2940 bei
245 2893 374 2940 schwerer
397 2893 482 2942 Stral'e
500 2893 621 2943 verboten
697 2898 763 2944 aliter
773 2903 794 2943 et
803 2899 900 2945 oscines.
912 2893 1001 2942 Festus
1010 2908 1034 2957 p.
1047 2892 1175 2945 alluoth:
1190 2930 1192 2932 -

106 2972 226 3019 gewesen
245 2958 288 3012 sci,
310 2958 438 3019 bezeugen
449 2959 532 3008 Varro
545 2960 575 3008 R.
587 2960 617 3008 R.
664 2963 730 3011 alites
742 2963 821 3010 voluto
834 2964 938 3024 auspicia
951 2963 1068 3024 sociantes.
1098 2959 1134 3011 Id.
1148 2977 1173 3026 p.

106 3024 137 3083 ll,
160 3028 184 3076 5.
202 3023 350 3079 Acliau.,V.
372 3024 402 3073 ll.
422 3024 454 3079 V.
477 3027 550 3075 146.
570 3026 618 3075 Aa.
665 3028 1176 3092 ltldzorcioesovesoreoospioiomfocieotes.

109 3093 159 3142 und
175 3093 217 3142 bei
234 3091 298 3141 Plin.
313 3092 342 3141 ll.
356 3090 388 3142 N.
400 3090 465 3150 Vlll,
482 3094 514 3143 45
532 3108 557 3157 p.
572 3095 621 3144 556
697 3111 734 3143 rer
748 3111 867 3158 reparare
878 3093 1067 3142 entwedervon
1078 3094 1175 3158 Gegan-

108 3161 174 3210 wird
192 3158 304 3217 erzrihll,
324 3160 374 3210 wie
392 3160 457 3210 eiust
473 3156 578 3210 demand
596 3160 621 3208 in
664 3159 769 3209 stinden
787 3160 827 3210 die
844 3176 901 3210 man
918 3160 1011 3210 mittels
1031 3162 1076 3211 der
1090 3164 1176 3226 Augu-

108 3228 171 3278 Rcm
188 3238 277 3291 wegen
296 3227 560 3279 diesesVerbrechens
577 3227 622 3278 mit
663 3227 892 3292 ricubeobacbtung
902 3236 976 3279 unter
988 3229 1119 3281 die0bbut
1130 3233 1176 3281 der

107 3296 165 3345 dem
188 3295 247 3345 Exil
269 3295 378 3346 bestrut't
400 3295 446 3345 sei.
490 3292 621 3346 Aueh'als
665 3294 1037 3355 Gdtterstclltundcinweiht3
1053 3298 1175 3349 odervon

109 3362 621 3429 OplerdenGdtterndargebracbtwtrrde
664 3363 902 3426 Unternehmungen,
931 3365 972 3414 hir
989 3360 1030 3414 die
1047 3381 1103 3415 man
1122 3367 1174 3416 sich

109 3431 155 3481 der
166 3431 300 3494 Ptlugstier
312 3447 359 3481 nur
370 3432 582 3482 cusnahmsweise
595 3428 620 3480 in
663 3432 740 3481 durch
758 3431 886 3494 Auguricn
910 3432 955 3482 der
973 3431 1106 3496 giittlichcn
1125 3432 1174 3484 Ge-

106 3498 265 3550 bcstimmten
276 3498 370 3549 Fdllen.
392 3499 417 3549 S.
430 3500 555 3551 Hermann
567 3508 620 3563 got·
662 3499 810 3562 nehmigung
827 3502 973 3563 (auctoritas)
989 3500 1136 3550 versichert.

108 3566 173 3616 tesd.
193 3567 300 3618 Alterth.
321 3566 346 3632 ᾖ.
368 3568 407 3625 26,
429 3569 470 3619 20.
697 3569 754 3619 161.
781 3585 926 3621 eaoceomur
955 3573 980 3619 in
1002 3573 1104 3620 oecon-do
1129 3577 1171 3622 etc.

143 3629 194 3690 64.
209 3637 265 3687 160.
278 3640 377 3687 animem
385 3653 427 3700 pro
439 3640 488 3688 sole
499 3647 541 3698 etc.
558 3635 618 3686 Dies
661 3634 777 3686 Dieselhe
786 3635 891 3686 Ansicht
902 3651 951 3684 von
968 3634 1086 3698 derlagd
1104 3651 1174 3754 cppe-

106 3701 174 3752 wira
200 3702 237 3752 als
255 3703 398 3767 Ausspruch
421 3703 466 3753 des
483 3702 618 3755 Kleanthes
661 3702 722 3753 chen
740 3705 803 3753 auch
820 3704 920 3753 Ardere
945 3718 1001 3761 aus,
1029 3719 1052 3752 z.
1072 3704 1100 3753 Β.
1146 3721 1174 3755 e-

107 3785 156 3819 von
183 3770 296 3820 Clemens
319 3770 392 3820 Alex.
419 3770 510 3820 Strom.
531 3770 575 3822 Vll
591 3788 615 3837 p.
661 3772 757 3837 nophcn
775 3773 806 3821 de
823 3786 881 3820 ven.
903 3773 930 3827 1.
959 3772 990 3822 18
1009 3787 1034 3840 q.
1054 3771 1106 3822 bes.
1130 3776 1168 3832 12,

107 3839 158 3890 304
182 3837 262 3904 Syll..
293 3837 330 3886 als
356 3838 499 3903 Aussprheh
523 3837 619 3902 einiger
662 3841 690 3890 1:
711 3835 746 3888 τὰ
764 3836 793 3889 δὲ
810 3835 878 3907 πρὸς
894 3835 944 3888 τὸν
961 3833 1080 3907 πόλεμον
1094 3836 1173 3908 μάλι-

105 3905 210 3956 Stoilrer
232 3921 280 3956 von
303 3905 420 3955 Plutarch
444 3906 557 3972 Sympos.
583 3906 613 3964 V,
660 3921 713 3956 στα
729 3901 864 3960 noireto:
888 3921 943 3956 was
967 3907 1032 3957 donn
1055 3908 1087 3959 irn
1110 3907 1173 3958 Ein-

110 3976 150 4030 ro,
169 3975 184 4025 3
203 3973 252 4023 und
269 3985 318 4023 von
329 3972 411 4023 vielen
423 3974 524 4024 Andern
543 3988 618 4038 ange-
660 3974 747 4026 zelnen
765 3975 912 4039 ausgoliibrt
927 3974 1002 4025 wind.

921 4057 974 4110 tt*
