<?xml version="1.0" encoding="UTF-8"?>
<!DOCTYPE html PUBLIC "-//W3C//DTD XHTML 1.0 Transitional//EN"
    "http://www.w3.org/TR/xhtml1/DTD/xhtml1-transitional.dtd">
<html xmlns="http://www.w3.org/1999/xhtml" xml:lang="en" lang="en">
 <head>
  <title>
</title>
<meta http-equiv="Content-Type" content="text/html;charset=utf-8" />
  <meta name='ocr-system' content='tesseract 3.04.00' />
  <meta name='ocr-capabilities' content='ocr_page ocr_carea ocr_par ocr_line ocrx_word'/>
</head>
<body>
  <div class='ocr_page' id='page_1' title='image "./mtulliciceronis07cicegoog/mtulliciceronis07cicegoog_0184.png"; bbox 0 0 2640 4418; ppageno 0'>
   <div class='ocr_carea' id='block_1_1' title="bbox 385 334 1172 418">
    <p class='ocr_par' dir='ltr' id='par_1_1' title="bbox 385 334 1172 418">
     <span class='ocr_line' id='line_1_1' title="bbox 385 334 1172 418; baseline 0.001 -12"><span class='ocrx_word' id='word_1_1' title='bbox 385 334 867 418; x_wconf 61' lang='lat' dir='ltr'><strong>&#39;mummmmo</strong></span> <span class='ocrx_word' id='word_1_2' title='bbox 1114 346 1172 407; x_wconf 70' lang='lat' dir='ltr'><strong>lm</strong></span> 
     </span>
    </p>
   </div>
   <div class='ocr_carea' id='block_1_2' title="bbox 70 507 1262 2683">
    <p class='ocr_par' dir='ltr' id='par_1_2' title="bbox 70 507 1262 2683">
     <span class='ocr_line' id='line_1_2' title="bbox 104 507 1174 587; baseline -0.001 -18"><span class='ocrx_word' id='word_1_3' title='bbox 104 508 204 570; x_wconf 92' lang='lat' dir='ltr'><strong>nimus</strong></span> <span class='ocrx_word' id='word_1_4' title='bbox 228 507 512 586; x_wconf 79' lang='lat' dir='ltr'><strong>circumscripteque</strong></span> <span class='ocrx_word' id='word_1_5' title='bbox 535 508 778 587; x_wconf 88' lang='lat' dir='ltr'><strong>complectimur;</strong></span> <span class='ocrx_word' id='word_1_6' title='bbox 804 527 839 568; x_wconf 86' lang='lat' dir='ltr'><strong>ex</strong></span> <span class='ocrx_word' id='word_1_7' title='bbox 861 527 919 587; x_wconf 87' lang='lat' dir='ltr'><strong>quo</strong></span> <span class='ocrx_word' id='word_1_8' title='bbox 938 507 1065 569; x_wconf 84' lang='lat' dir='ltr'><strong>scientie</strong></span> <span class='ocrx_word' id='word_1_9' title='bbox 1087 508 1174 570; x_wconf 91' lang='lat' dir='ltr'><strong>intel-</strong></span> 
     </span>
     <span class='ocr_line' id='line_1_3' title="bbox 76 592 1174 671; baseline 0.001 -20"><span class='ocrx_word' id='word_1_10' title='bbox 76 600 79 610; x_wconf 85' lang='grc'><strong>“</strong></span> <span class='ocrx_word' id='word_1_11' title='bbox 104 593 207 670; x_wconf 79' lang='lat' dir='ltr'><strong>ligitur</strong></span> <span class='ocrx_word' id='word_1_12' title='bbox 228 609 316 671; x_wconf 84' lang='lat' dir='ltr'><strong>quam</strong></span> <span class='ocrx_word' id='word_1_13' title='bbox 339 592 397 652; x_wconf 86' lang='lat' dir='ltr'><strong>vim</strong></span> <span class='ocrx_word' id='word_1_14' title='bbox 420 592 528 652; x_wconf 81' lang='lat' dir='ltr'><strong>hebeat</strong></span> <span class='ocrx_word' id='word_1_15' title='bbox 551 594 605 670; x_wconf 89' lang='lat' dir='ltr'><strong>[et]</strong></span> <span class='ocrx_word' id='word_1_16' title='bbox 629 592 724 670; x_wconf 81' lang='lat' dir='ltr'><strong>qualis</strong></span> <span class='ocrx_word' id='word_1_17' title='bbox 747 592 801 664; x_wconf 86' lang='lat' dir='ltr'><strong>sit,</strong></span> <span class='ocrx_word' id='word_1_18' title='bbox 829 610 887 671; x_wconf 83' lang='lat' dir='ltr'><strong>que</strong></span> <span class='ocrx_word' id='word_1_19' title='bbox 916 611 953 652; x_wconf 91' lang='lat' dir='ltr'><strong>ne</strong></span> <span class='ocrx_word' id='word_1_20' title='bbox 975 592 1006 652; x_wconf 94' lang='lat' dir='ltr'><strong>in</strong></span> <span class='ocrx_word' id='word_1_21' title='bbox 1029 593 1086 654; x_wconf 88' lang='lat' dir='ltr'><strong>deo</strong></span> <span class='ocrx_word' id='word_1_22' title='bbox 1109 593 1174 671; x_wconf 91' lang='lat' dir='ltr'><strong>qui-</strong></span> 
     </span>
     <span class='ocr_line' id='line_1_4' title="bbox 105 675 1175 756; baseline 0.001 -20"><span class='ocrx_word' id='word_1_23' title='bbox 105 678 172 738; x_wconf 89' lang='lat' dir='ltr'><strong>dem</strong></span> <span class='ocrx_word' id='word_1_24' title='bbox 196 683 242 736; x_wconf 91' lang='lat' dir='ltr'><strong>est</strong></span> <span class='ocrx_word' id='word_1_25' title='bbox 262 692 312 736; x_wconf 89' lang='lat' dir='ltr'><strong>res</strong></span> <span class='ocrx_word' id='word_1_26' title='bbox 346 675 416 736; x_wconf 68' lang='lat' dir='ltr'><strong>ulle</strong></span> <span class='ocrx_word' id='word_1_27' title='bbox 427 675 639 754; x_wconf 81' lang='lat' dir='ltr'><strong>praestantior.</strong></span> <span class='ocrx_word' id='word_1_28' title='bbox 679 675 799 748; x_wconf 77' lang='lat' dir='ltr'><strong>Quanta</strong></span> <span class='ocrx_word' id='word_1_29' title='bbox 821 694 891 736; x_wconf 84' lang='lat' dir='ltr'><strong>vero</strong></span> <span class='ocrx_word' id='word_1_30' title='bbox 913 676 963 736; x_wconf 86' lang='lat' dir='ltr'><strong>illa</strong></span> <span class='ocrx_word' id='word_1_31' title='bbox 986 684 1064 749; x_wconf 89' lang='lat' dir='ltr'><strong>sunt,</strong></span> <span class='ocrx_word' id='word_1_32' title='bbox 1099 695 1175 756; x_wconf 82' lang='lat' dir='ltr'><strong>quae</strong></span> 
     </span>
     <span class='ocr_line' id='line_1_5' title="bbox 104 758 1185 850; baseline 0.001 -30"><span class='ocrx_word' id='word_1_33' title='bbox 104 780 156 821; x_wconf 82' lang='lat' dir='ltr'><strong>ros</strong></span> <span class='ocrx_word' id='word_1_34' title='bbox 179 759 348 850; x_wconf 67' lang='lat' dir='ltr'><strong>Academici</strong></span> <span class='ocrx_word' id='word_1_35' title='bbox 372 759 530 828; x_wconf 83' lang='lat' dir='ltr'><strong>infirmetis</strong></span> <span class='ocrx_word' id='word_1_36' title='bbox 553 768 583 821; x_wconf 89' lang='lat' dir='ltr'><strong>et</strong></span> <span class='ocrx_word' id='word_1_37' title='bbox 605 758 717 832; x_wconf 82' lang='lat' dir='ltr'><strong>tollitis,</strong></span> <span class='ocrx_word' id='word_1_38' title='bbox 742 761 821 840; x_wconf 91' lang='lat' dir='ltr'><strong>quod</strong></span> <span class='ocrx_word' id='word_1_39' title='bbox 845 769 875 821; x_wconf 85' lang='lat' dir='ltr'><strong>et</strong></span> <span class='ocrx_word' id='word_1_40' title='bbox 895 759 1036 820; x_wconf 87' lang='lat' dir='ltr'>sensibus</span> <span class='ocrx_word' id='word_1_41' title='bbox 1059 769 1089 821; x_wconf 85' lang='lat' dir='ltr'><strong>et</strong></span> <span class='ocrx_word' id='word_1_42' title='bbox 1110 761 1185 821; x_wconf 58' lang='lat' dir='ltr'><strong>eni-⁸</strong></span> 
     </span>
     <span class='ocr_line' id='line_1_6' title="bbox 104 843 1174 922; baseline 0 -18"><span class='ocrx_word' id='word_1_43' title='bbox 104 863 153 904; x_wconf 94' lang='lat' dir='ltr'><strong>mo</strong></span> <span class='ocrx_word' id='word_1_44' title='bbox 177 863 226 916; x_wconf 85' lang='lat' dir='ltr'><strong>ee,</strong></span> <span class='ocrx_word' id='word_1_45' title='bbox 256 862 331 922; x_wconf 84' lang='lat' dir='ltr'><strong>quoe</strong></span> <span class='ocrx_word' id='word_1_46' title='bbox 355 851 536 916; x_wconf 81' lang='lat' dir='ltr'><strong>extrusum,</strong></span> <span class='ocrx_word' id='word_1_47' title='bbox 560 843 744 922; x_wconf 80' lang='lat' dir='ltr'><strong>percipimus</strong></span> <span class='ocrx_word' id='word_1_48' title='bbox 767 852 855 922; x_wconf 86' lang='lat' dir='ltr'><strong>etque</strong></span> <span class='ocrx_word' id='word_1_49' title='bbox 875 843 1174 922; x_wconf 79' lang='lat' dir='ltr'><strong>comprehendimus!</strong></span> 
     </span>
     <span class='ocr_line' id='line_1_7' title="bbox 103 927 1232 1007; baseline 0.001 -19"><span class='ocrx_word' id='word_1_50' title='bbox 103 928 145 988; x_wconf 85' lang='lat' dir='ltr'><strong>Ex</strong></span> <span class='ocrx_word' id='word_1_51' title='bbox 169 928 277 1005; x_wconf 88' lang='lat' dir='ltr'><strong>quibus</strong></span> <span class='ocrx_word' id='word_1_52' title='bbox 301 927 420 988; x_wconf 86' lang='lat' dir='ltr'><strong>collatis</strong></span> <span class='ocrx_word' id='word_1_53' title='bbox 441 927 520 987; x_wconf 90' lang='lat' dir='ltr'><strong>inter</strong></span> <span class='ocrx_word' id='word_1_54' title='bbox 542 945 574 988; x_wconf 93' lang='lat' dir='ltr'><strong>se</strong></span> <span class='ocrx_word' id='word_1_55' title='bbox 597 935 627 988; x_wconf 87' lang='lat' dir='ltr'><strong>et</strong></span> <span class='ocrx_word' id='word_1_56' title='bbox 646 928 829 1006; x_wconf 82' lang='lat' dir='ltr'><strong>comparatis</strong></span> <span class='ocrx_word' id='word_1_57' title='bbox 863 935 943 988; x_wconf 84' lang='lat' dir='ltr'><strong>artes</strong></span> <span class='ocrx_word' id='word_1_58' title='bbox 966 946 1085 1007; x_wconf 87' lang='lat' dir='ltr'><strong>quoque</strong></span> <span class='ocrx_word' id='word_1_59' title='bbox 1108 929 1172 989; x_wconf 86' lang='lat' dir='ltr'><strong>elli·</strong></span> <span class='ocrx_word' id='word_1_60' title='bbox 1190 937 1232 989; x_wconf 76' lang='lat'><strong>148</strong></span> 
     </span>
     <span class='ocr_line' id='line_1_8' title="bbox 104 1010 1220 1091; baseline 0.002 -19"><span class='ocrx_word' id='word_1_61' title='bbox 104 1013 210 1085; x_wconf 89' lang='lat' dir='ltr'><strong>cimus,</strong></span> <span class='ocrx_word' id='word_1_62' title='bbox 233 1011 342 1091; x_wconf 82' lang='lat' dir='ltr'><strong>partim</strong></span> <span class='ocrx_word' id='word_1_63' title='bbox 365 1011 402 1071; x_wconf 85' lang='lat' dir='ltr'><strong>ed</strong></span> <span class='ocrx_word' id='word_1_64' title='bbox 425 1029 511 1071; x_wconf 90' lang='lat' dir='ltr'><strong>usum</strong></span> <span class='ocrx_word' id='word_1_65' title='bbox 526 1011 612 1085; x_wconf 75' lang='lat' dir='ltr'><strong>ritae,</strong></span> <span class='ocrx_word' id='word_1_66' title='bbox 635 1011 744 1089; x_wconf 81' lang='lat' dir='ltr'><strong>partim</strong></span> <span class='ocrx_word' id='word_1_67' title='bbox 763 1012 800 1072; x_wconf 87' lang='lat' dir='ltr'><strong>ad</strong></span> <span class='ocrx_word' id='word_1_68' title='bbox 814 1010 1045 1072; x_wconf 81' lang='lat' dir='ltr'><strong>oblectationem</strong></span> <span class='ocrx_word' id='word_1_69' title='bbox 1069 1030 1175 1074; x_wconf 89' lang='lat' dir='ltr'><strong>neces·</strong></span> <span class='ocrx_word' id='word_1_70' title='bbox 1215 1018 1220 1025; x_wconf 76' lang='grc'><em>“</em></span> 
     </span>
     <span class='ocr_line' id='line_1_9' title="bbox 104 1094 1174 1181; baseline 0.002 -26"><span class='ocrx_word' id='word_1_71' title='bbox 104 1095 209 1157; x_wconf 77' lang='lat' dir='ltr'><strong>series.</strong></span> <span class='ocrx_word' id='word_1_72' title='bbox 253 1095 315 1157; x_wconf 85' lang='lat' dir='ltr'><strong>lem</strong></span> <span class='ocrx_word' id='word_1_73' title='bbox 338 1113 408 1156; x_wconf 87' lang='lat' dir='ltr'><strong>vero</strong></span> <span class='ocrx_word' id='word_1_74' title='bbox 431 1094 688 1168; x_wconf 78' lang='lat' dir='ltr'><strong>dominororum,</strong></span> <span class='ocrx_word' id='word_1_75' title='bbox 719 1104 824 1181; x_wconf 76' lang='lat' dir='ltr'><strong>utros</strong></span> <span class='ocrx_word' id='word_1_76' title='bbox 848 1095 952 1156; x_wconf 88' lang='lat' dir='ltr'><strong>soletis</strong></span> <span class='ocrx_word' id='word_1_77' title='bbox 974 1096 1090 1170; x_wconf 80' lang='lat' dir='ltr'><strong>dicere,</strong></span> <span class='ocrx_word' id='word_1_78' title='bbox 1112 1096 1174 1158; x_wconf 92' lang='lat' dir='ltr'><strong>elo·</strong></span> 
     </span>
     <span class='ocr_line' id='line_1_10' title="bbox 105 1178 1176 1259; baseline -0.002 -18"><span class='ocrx_word' id='word_1_79' title='bbox 105 1180 214 1257; x_wconf 88' lang='lat' dir='ltr'><strong>quendi</strong></span> <span class='ocrx_word' id='word_1_80' title='bbox 229 1179 273 1240; x_wconf 89' lang='lat' dir='ltr'><strong>vis</strong></span> <span class='ocrx_word' id='word_1_81' title='bbox 297 1196 385 1259; x_wconf 87' lang='lat' dir='ltr'><strong>quem</strong></span> <span class='ocrx_word' id='word_1_82' title='bbox 410 1186 456 1238; x_wconf 89' lang='lat' dir='ltr'><strong>est</strong></span> <span class='ocrx_word' id='word_1_83' title='bbox 467 1180 620 1257; x_wconf 79' lang='lat' dir='ltr'><strong>praeclara</strong></span> <span class='ocrx_word' id='word_1_84' title='bbox 645 1178 931 1259; x_wconf 65' lang='lat' dir='ltr'><strong>quamquejdi&#39;vinel</strong></span> <span class='ocrx_word' id='word_1_85' title='bbox 951 1180 1027 1258; x_wconf 84' lang='lat' dir='ltr'><strong>quae</strong></span> <span class='ocrx_word' id='word_1_86' title='bbox 1045 1180 1176 1259; x_wconf 90' lang='lat' dir='ltr'><strong>primum</strong></span> 
     </span>
     <span class='ocr_line' id='line_1_11' title="bbox 98 1263 1174 1342; baseline 0 -18"><span class='ocrx_word' id='word_1_87' title='bbox 98 1264 205 1330; x_wconf 71' lang='lat' dir='ltr'><strong>&#39;eflicit</strong></span> <span class='ocrx_word' id='word_1_88' title='bbox 229 1273 263 1324; x_wconf 90' lang='lat' dir='ltr'><strong>ut</strong></span> <span class='ocrx_word' id='word_1_89' title='bbox 284 1271 315 1323; x_wconf 91' lang='lat' dir='ltr'><strong>et</strong></span> <span class='ocrx_word' id='word_1_90' title='bbox 336 1281 380 1334; x_wconf 84' lang='lat' dir='ltr'><strong>ee,</strong></span> <span class='ocrx_word' id='word_1_91' title='bbox 404 1280 478 1340; x_wconf 80' lang='lat' dir='ltr'><strong>quae</strong></span> <span class='ocrx_word' id='word_1_92' title='bbox 500 1263 682 1339; x_wconf 81' lang='lat' dir='ltr'><strong>ignoramus,</strong></span> <span class='ocrx_word' id='word_1_93' title='bbox 707 1263 824 1324; x_wconf 88' lang='lat' dir='ltr'><strong>discere</strong></span> <span class='ocrx_word' id='word_1_94' title='bbox 848 1270 878 1326; x_wconf 91' lang='lat' dir='ltr'><strong>et</strong></span> <span class='ocrx_word' id='word_1_95' title='bbox 895 1282 939 1336; x_wconf 86' lang='lat' dir='ltr'><strong>ea,</strong></span> <span class='ocrx_word' id='word_1_96' title='bbox 964 1281 1040 1342; x_wconf 81' lang='lat' dir='ltr'><strong>quoe</strong></span> <span class='ocrx_word' id='word_1_97' title='bbox 1053 1264 1174 1336; x_wconf 89' lang='lat' dir='ltr'><strong>scimus,</strong></span> 
     </span>
     <span class='ocr_line' id='line_1_12' title="bbox 103 1345 1210 1426; baseline 0.003 -20"><span class='ocrx_word' id='word_1_98' title='bbox 103 1348 180 1408; x_wconf 90' lang='lat' dir='ltr'><strong>elios</strong></span> <span class='ocrx_word' id='word_1_99' title='bbox 202 1348 312 1407; x_wconf 90' lang='lat' dir='ltr'><strong>docere</strong></span> <span class='ocrx_word' id='word_1_100' title='bbox 334 1345 496 1425; x_wconf 88' lang='lat' dir='ltr'><strong>possimus.</strong></span> <span class='ocrx_word' id='word_1_101' title='bbox 540 1347 654 1409; x_wconf 83' lang='lat' dir='ltr'><strong>Deinde</strong></span> <span class='ocrx_word' id='word_1_102' title='bbox 677 1348 732 1408; x_wconf 84' lang='lat' dir='ltr'><strong>hec</strong></span> <span class='ocrx_word' id='word_1_103' title='bbox 750 1348 952 1419; x_wconf 84' lang='lat' dir='ltr'><strong>cohortemur,</strong></span> <span class='ocrx_word' id='word_1_104' title='bbox 974 1348 1030 1409; x_wconf 83' lang='lat' dir='ltr'><strong>hec</strong></span> <span class='ocrx_word' id='word_1_105' title='bbox 1052 1365 1177 1426; x_wconf 83' lang='lat' dir='ltr'><strong>persua·</strong></span> <span class='ocrx_word' id='word_1_106' title='bbox 1205 1394 1210 1401; x_wconf 71' lang='grc'>.</span> 
     </span>
     <span class='ocr_line' id='line_1_13' title="bbox 105 1426 1175 1510; baseline 0.002 -20"><span class='ocrx_word' id='word_1_107' title='bbox 105 1431 221 1503; x_wconf 90' lang='lat' dir='ltr'><strong>demus,</strong></span> <span class='ocrx_word' id='word_1_108' title='bbox 244 1431 516 1491; x_wconf 83' lang='lat' dir='ltr'><strong>hacconsolemur</strong></span> <span class='ocrx_word' id='word_1_109' title='bbox 548 1431 688 1504; x_wconf 80' lang='lat' dir='ltr'><strong>afflictos,</strong></span> <span class='ocrx_word' id='word_1_110' title='bbox 711 1432 767 1493; x_wconf 85' lang='lat' dir='ltr'><strong>hec</strong></span> <span class='ocrx_word' id='word_1_111' title='bbox 800 1426 976 1492; x_wconf 89' lang='lat' dir='ltr'><strong>deducimus</strong></span> <span class='ocrx_word' id='word_1_112' title='bbox 998 1431 1175 1510; x_wconf 90' lang='lat' dir='ltr'><strong>perterritos</strong></span> 
     </span>
     <span class='ocr_line' id='line_1_14' title="bbox 70 1512 1191 1594; baseline 0 -19"><span class='ocrx_word' id='word_1_113' title='bbox 70 1571 72 1575; x_wconf 81' lang='grc'>,</span> <span class='ocrx_word' id='word_1_114' title='bbox 105 1513 258 1586; x_wconf 81' lang='lat' dir='ltr'><strong>stimme,</strong></span> <span class='ocrx_word' id='word_1_115' title='bbox 290 1515 347 1573; x_wconf 86' lang='lat' dir='ltr'><strong>hec</strong></span> <span class='ocrx_word' id='word_1_116' title='bbox 369 1512 532 1590; x_wconf 75' lang='lat' dir='ltr'><strong>gestientes</strong></span> <span class='ocrx_word' id='word_1_117' title='bbox 555 1515 790 1593; x_wconf 88' lang='lat' dir='ltr'><strong>comprimimus,</strong></span> <span class='ocrx_word' id='word_1_118' title='bbox 824 1516 880 1577; x_wconf 86' lang='lat' dir='ltr'><strong>hec</strong></span> <span class='ocrx_word' id='word_1_119' title='bbox 913 1515 1093 1594; x_wconf 81' lang='lat' dir='ltr'><strong>cupiditates</strong></span> <span class='ocrx_word' id='word_1_120' title='bbox 1116 1515 1191 1575; x_wconf 84' lang='lat' dir='ltr'><strong>ira-·</strong></span> 
     </span>
     <span class='ocr_line' id='line_1_15' title="bbox 104 1597 1176 1676; baseline 0.001 -18"><span class='ocrx_word' id='word_1_121' title='bbox 104 1597 290 1675; x_wconf 87' lang='lat' dir='ltr'><strong>cuodiesque</strong></span> <span class='ocrx_word' id='word_1_122' title='bbox 312 1597 543 1675; x_wconf 82' lang='lat' dir='ltr'><strong>restinguimus3</strong></span> <span class='ocrx_word' id='word_1_123' title='bbox 566 1598 640 1659; x_wconf 84' lang='lat' dir='ltr'><strong>haec</strong></span> <span class='ocrx_word' id='word_1_124' title='bbox 662 1617 718 1660; x_wconf 91' lang='lat' dir='ltr'><strong>nos</strong></span> <span class='ocrx_word' id='word_1_125' title='bbox 741 1599 830 1670; x_wconf 89' lang='lat' dir='ltr'><strong>iuris,</strong></span> <span class='ocrx_word' id='word_1_126' title='bbox 853 1600 961 1676; x_wconf 82' lang='lat' dir='ltr'><strong>legum,</strong></span> <span class='ocrx_word' id='word_1_127' title='bbox 985 1599 1103 1661; x_wconf 91' lang='lat' dir='ltr'><strong>urbium</strong></span> <span class='ocrx_word' id='word_1_128' title='bbox 1126 1617 1176 1659; x_wconf 87' lang='lat' dir='ltr'><strong>so-</strong></span> 
     </span>
     <span class='ocr_line' id='line_1_16' title="bbox 104 1681 1233 1761; baseline 0 -19"><span class='ocrx_word' id='word_1_129' title='bbox 104 1682 215 1744; x_wconf 76' lang='lat' dir='ltr'><strong>cietate·</strong></span> <span class='ocrx_word' id='word_1_130' title='bbox 235 1681 375 1754; x_wconf 77' lang='lat' dir='ltr'><strong>devinxit,</strong></span> <span class='ocrx_word' id='word_1_131' title='bbox 409 1682 484 1742; x_wconf 85' lang='lat' dir='ltr'><strong>haec</strong></span> <span class='ocrx_word' id='word_1_132' title='bbox 507 1700 523 1742; x_wconf 87' lang='lat' dir='ltr'>a</span> <span class='ocrx_word' id='word_1_133' title='bbox 545 1681 605 1741; x_wconf 85' lang='lat' dir='ltr'><strong>vite</strong></span> <span class='ocrx_word' id='word_1_134' title='bbox 626 1683 747 1742; x_wconf 83' lang='lat' dir='ltr'><strong>immani</strong></span> <span class='ocrx_word' id='word_1_135' title='bbox 771 1692 801 1744; x_wconf 90' lang='lat' dir='ltr'><strong>et</strong></span> <span class='ocrx_word' id='word_1_136' title='bbox 822 1683 885 1744; x_wconf 87' lang='lat' dir='ltr'><strong>iere</strong></span> <span class='ocrx_word' id='word_1_137' title='bbox 907 1683 1086 1761; x_wconf 79' lang='lat' dir='ltr'><strong>segregavit.</strong></span> <span class='ocrx_word' id='word_1_138' title='bbox 1129 1681 1175 1742; x_wconf 80' lang='lat' dir='ltr'><strong>Ad</strong></span> <span class='ocrx_word' id='word_1_139' title='bbox 1191 1691 1233 1742; x_wconf 74' lang='lat' dir='ltr'><strong>lle</strong></span> 
     </span>
     <span class='ocr_line' id='line_1_17' title="bbox 103 1764 1176 1851; baseline 0 -25"><span class='ocrx_word' id='word_1_140' title='bbox 103 1771 190 1826; x_wconf 84' lang='lat' dir='ltr'><strong>usum¹</strong></span> <span class='ocrx_word' id='word_1_141' title='bbox 205 1773 303 1826; x_wconf 85' lang='lat' dir='ltr'><strong>antem</strong></span> <span class='ocrx_word' id='word_1_142' title='bbox 317 1764 471 1838; x_wconf 82' lang='lat' dir='ltr'><strong>orationis,</strong></span> <span class='ocrx_word' id='word_1_143' title='bbox 494 1765 672 1851; x_wconf 80' lang='lat' dir='ltr'><strong>incredibile</strong></span> <span class='ocrx_word' id='word_1_144' title='bbox 684 1773 739 1838; x_wconf 89' lang='lat' dir='ltr'><strong>est,</strong></span> <span class='ocrx_word' id='word_1_145' title='bbox 761 1766 813 1826; x_wconf 93' lang='lat' dir='ltr'><strong>uhi</strong></span> <span class='ocrx_word' id='word_1_146' title='bbox 831 1766 1176 1844; x_wconf 84' lang='lat' dir='ltr'><strong>diligenterettenderis‚</strong></span> 
     </span>
     <span class='ocr_line' id='line_1_18' title="bbox 104 1848 1176 1929; baseline -0.002 -18"><span class='ocrx_word' id='word_1_147' title='bbox 104 1860 213 1929; x_wconf 80' lang='lat' dir='ltr'><strong>quante</strong></span> <span class='ocrx_word' id='word_1_148' title='bbox 236 1867 327 1929; x_wconf 84' lang='lat' dir='ltr'><strong>opera</strong></span> <span class='ocrx_word' id='word_1_149' title='bbox 350 1848 518 1909; x_wconf 73' lang='lat' dir='ltr'><strong>machinata</strong></span> <span class='ocrx_word' id='word_1_150' title='bbox 541 1857 644 1910; x_wconf 84' lang='lat' dir='ltr'><strong>natura</strong></span> <span class='ocrx_word' id='word_1_151' title='bbox 668 1849 717 1910; x_wconf 87' lang='lat' dir='ltr'><strong>sit.</strong></span> <span class='ocrx_word' id='word_1_152' title='bbox 761 1849 893 1909; x_wconf 83' lang='lat' dir='ltr'><strong>Primum</strong></span> <span class='ocrx_word' id='word_1_153' title='bbox 917 1851 997 1909; x_wconf 91' lang='lat' dir='ltr'><strong>enim</strong></span> <span class='ocrx_word' id='word_1_154' title='bbox 1020 1871 1036 1911; x_wconf 86' lang='lat' dir='ltr'>a</span> <span class='ocrx_word' id='word_1_155' title='bbox 1058 1851 1176 1929; x_wconf 90' lang='lat' dir='ltr'><strong>pulmo·</strong></span> 
     </span>
     <span class='ocr_line' id='line_1_19' title="bbox 105 1932 1174 2011; baseline -0.002 -17"><span class='ocrx_word' id='word_1_156' title='bbox 105 1933 194 1994; x_wconf 90' lang='lat' dir='ltr'><strong>nihus</strong></span> <span class='ocrx_word' id='word_1_157' title='bbox 216 1933 325 1994; x_wconf 85' lang='lat' dir='ltr'><strong>arteria</strong></span> <span class='ocrx_word' id='word_1_158' title='bbox 347 1952 444 2010; x_wconf 88' lang='lat' dir='ltr'><strong>usque</strong></span> <span class='ocrx_word' id='word_1_159' title='bbox 467 1933 504 1993; x_wconf 82' lang='lat' dir='ltr'><strong>ed</strong></span> <span class='ocrx_word' id='word_1_160' title='bbox 528 1952 562 1993; x_wconf 89' lang='lat' dir='ltr'><strong>os</strong></span> <span class='ocrx_word' id='word_1_161' title='bbox 585 1932 722 1993; x_wconf 89' lang='lat' dir='ltr'><strong>intimum</strong></span> <span class='ocrx_word' id='word_1_162' title='bbox 745 1933 889 2011; x_wconf 82' lang='lat' dir='ltr'><strong>pertinet,</strong></span> <span class='ocrx_word' id='word_1_163' title='bbox 924 1951 979 2010; x_wconf 87' lang='lat' dir='ltr'><strong>per</strong></span> <span class='ocrx_word' id='word_1_164' title='bbox 1000 1951 1088 2011; x_wconf 80' lang='lat' dir='ltr'><strong>quom</strong></span> <span class='ocrx_word' id='word_1_165' title='bbox 1110 1952 1174 2006; x_wconf 89' lang='lat' dir='ltr'><strong>vox,</strong></span> 
     </span>
     <span class='ocr_line' id='line_1_20' title="bbox 104 2016 1191 2097; baseline 0 -20"><span class='ocrx_word' id='word_1_166' title='bbox 104 2017 286 2097; x_wconf 91' lang='lat' dir='ltr'><strong>principium</strong></span> <span class='ocrx_word' id='word_1_167' title='bbox 310 2035 326 2077; x_wconf 86' lang='lat' dir='ltr'><strong>e</strong></span> <span class='ocrx_word' id='word_1_168' title='bbox 348 2027 448 2077; x_wconf 89' lang='lat' dir='ltr'><strong>mente</strong></span> <span class='ocrx_word' id='word_1_169' title='bbox 478 2017 605 2091; x_wconf 84' lang='lat' dir='ltr'><strong>ducens,</strong></span> <span class='ocrx_word' id='word_1_170' title='bbox 636 2016 804 2095; x_wconf 90' lang='lat' dir='ltr'><strong>percipitur</strong></span> <span class='ocrx_word' id='word_1_171' title='bbox 825 2025 856 2078; x_wconf 89' lang='lat' dir='ltr'><strong>et</strong></span> <span class='ocrx_word' id='word_1_172' title='bbox 877 2017 1019 2078; x_wconf 81' lang='lat' dir='ltr'><strong>funditur.</strong></span> <span class='ocrx_word' id='word_1_173' title='bbox 1064 2017 1191 2077; x_wconf 87' lang='lat' dir='ltr'><strong>Deinde·</strong></span> 
     </span>
     <span class='ocr_line' id='line_1_21' title="bbox 104 2100 1177 2178; baseline -0.002 -16"><span class='ocrx_word' id='word_1_174' title='bbox 104 2102 136 2162; x_wconf 91' lang='lat' dir='ltr'><strong>in</strong></span> <span class='ocrx_word' id='word_1_175' title='bbox 159 2120 209 2162; x_wconf 90' lang='lat' dir='ltr'><strong>ore</strong></span> <span class='ocrx_word' id='word_1_176' title='bbox 233 2102 289 2162; x_wconf 82' lang='lat' dir='ltr'><strong>sita</strong></span> <span class='ocrx_word' id='word_1_177' title='bbox 312 2101 413 2178; x_wconf 83' lang='lat' dir='ltr'><strong>lingue</strong></span> <span class='ocrx_word' id='word_1_178' title='bbox 435 2111 489 2173; x_wconf 85' lang='lat' dir='ltr'><strong>est,</strong></span> <span class='ocrx_word' id='word_1_179' title='bbox 513 2100 760 2162; x_wconf 87' lang='lat' dir='ltr'><strong>linitadentibus.</strong></span> <span class='ocrx_word' id='word_1_180' title='bbox 805 2101 847 2161; x_wconf 87' lang='lat' dir='ltr'><strong>Ea</strong></span> <span class='ocrx_word' id='word_1_181' title='bbox 866 2119 968 2161; x_wconf 89' lang='lat' dir='ltr'><strong>vocem</strong></span> <span class='ocrx_word' id='word_1_182' title='bbox 982 2100 1177 2162; x_wconf 82' lang='lat' dir='ltr'><strong>immoderate</strong></span> 
     </span>
     <span class='ocr_line' id='line_1_22' title="bbox 103 2184 1262 2264; baseline -0.003 -18"><span class='ocrx_word' id='word_1_183' title='bbox 103 2186 257 2264; x_wconf 80' lang='lat' dir='ltr'><strong>profusam</strong></span> <span class='ocrx_word' id='word_1_184' title='bbox 280 2185 365 2263; x_wconf 82' lang='lat' dir='ltr'><strong>lingit</strong></span> <span class='ocrx_word' id='word_1_185' title='bbox 388 2193 419 2246; x_wconf 90' lang='lat' dir='ltr'><strong>et</strong></span> <span class='ocrx_word' id='word_1_186' title='bbox 439 2185 588 2258; x_wconf 86' lang='lat' dir='ltr'><strong>terminet,</strong></span> <span class='ocrx_word' id='word_1_187' title='bbox 623 2192 712 2264; x_wconf 85' lang='lat' dir='ltr'><strong>atque</strong></span> <span class='ocrx_word' id='word_1_188' title='bbox 746 2203 848 2246; x_wconf 76' lang='lat' dir='ltr'><strong>sonos.</strong></span> <span class='ocrx_word' id='word_1_189' title='bbox 862 2187 944 2246; x_wconf 88' lang='lat' dir='ltr'><strong>vocis</strong></span> <span class='ocrx_word' id='word_1_190' title='bbox 968 2184 1124 2245; x_wconf 82' lang='lat' dir='ltr'><strong>distinctos</strong></span> <span class='ocrx_word' id='word_1_191' title='bbox 1148 2192 1178 2245; x_wconf 90' lang='lat' dir='ltr'><strong>et</strong></span> <span class='ocrx_word' id='word_1_192' title='bbox 1260 2238 1262 2243; x_wconf 80' lang='grc'>,</span> 
     </span>
     <span class='ocr_line' id='line_1_23' title="bbox 104 2268 1179 2348; baseline -0.002 -18"><span class='ocrx_word' id='word_1_193' title='bbox 104 2288 227 2348; x_wconf 88' lang='lat' dir='ltr'><strong>pressos</strong></span> <span class='ocrx_word' id='word_1_194' title='bbox 250 2269 351 2340; x_wconf 81' lang='lat' dir='ltr'><strong>elficit</strong></span> <span class='ocrx_word' id='word_1_195' title='bbox 376 2288 466 2347; x_wconf 88' lang='lat' dir='ltr'><strong>quum</strong></span> <span class='ocrx_word' id='word_1_196' title='bbox 491 2277 521 2330; x_wconf 92' lang='lat' dir='ltr'><strong>et</strong></span> <span class='ocrx_word' id='word_1_197' title='bbox 554 2269 718 2331; x_wconf 77' lang='lat' dir='ltr'><strong>addentes</strong></span> <span class='ocrx_word' id='word_1_198' title='bbox 742 2278 773 2330; x_wconf 88' lang='lat' dir='ltr'><strong>ct</strong></span> <span class='ocrx_word' id='word_1_199' title='bbox 805 2269 841 2329; x_wconf 86' lang='lat' dir='ltr'><strong>ed</strong></span> <span class='ocrx_word' id='word_1_200' title='bbox 871 2269 946 2329; x_wconf 84' lang='lat' dir='ltr'><strong>alies</strong></span> <span class='ocrx_word' id='word_1_201' title='bbox 969 2279 1070 2346; x_wconf 85' lang='lat' dir='ltr'><strong>partes</strong></span> <span class='ocrx_word' id='word_1_202' title='bbox 1093 2268 1179 2346; x_wconf 91' lang='lat' dir='ltr'><strong>pellit</strong></span> 
     </span>
     <span class='ocr_line' id='line_1_24' title="bbox 104 2351 1176 2431; baseline -0.001 -17"><span class='ocrx_word' id='word_1_203' title='bbox 104 2354 179 2429; x_wconf 73' lang='lat' dir='ltr'><strong>oris:</strong></span> <span class='ocrx_word' id='word_1_204' title='bbox 221 2353 325 2431; x_wconf 81' lang='lat' dir='ltr'><strong>ltaque</strong></span> <span class='ocrx_word' id='word_1_205' title='bbox 358 2353 465 2431; x_wconf 88' lang='lat' dir='ltr'><strong>plectri</strong></span> <span class='ocrx_word' id='word_1_206' title='bbox 500 2353 629 2413; x_wconf 84' lang='lat' dir='ltr'><strong>similem</strong></span> <span class='ocrx_word' id='word_1_207' title='bbox 662 2352 794 2430; x_wconf 80' lang='lat' dir='ltr'><strong>linguam</strong></span> <span class='ocrx_word' id='word_1_208' title='bbox 826 2353 922 2413; x_wconf 89' lang='lat' dir='ltr'><strong>nostri</strong></span> <span class='ocrx_word' id='word_1_209' title='bbox 946 2351 1045 2411; x_wconf 85' lang='lat' dir='ltr'><strong>solent</strong></span> <span class='ocrx_word' id='word_1_210' title='bbox 1066 2351 1176 2424; x_wconf 85' lang='lat' dir='ltr'><strong>dicere,</strong></span> 
     </span>
     <span class='ocr_line' id='line_1_25' title="bbox 105 2436 1179 2515; baseline -0.003 -17"><span class='ocrx_word' id='word_1_211' title='bbox 105 2438 284 2498; x_wconf 85' lang='lat' dir='ltr'><strong>chordarum</strong></span> <span class='ocrx_word' id='word_1_212' title='bbox 307 2439 422 2509; x_wconf 71' lang='lat' dir='ltr'><strong>dentes</strong></span> <span class='ocrx_word' id='word_1_213' title='bbox 447 2455 535 2497; x_wconf 84' lang='lat' dir='ltr'><strong>neres</strong></span> <span class='ocrx_word' id='word_1_214' title='bbox 549 2436 691 2497; x_wconf 87' lang='lat' dir='ltr'><strong>cornibus</strong></span> <span class='ocrx_word' id='word_1_215' title='bbox 715 2437 762 2509; x_wconf 88' lang='lat' dir='ltr'><strong>iis,</strong></span> <span class='ocrx_word' id='word_1_216' title='bbox 786 2436 839 2515; x_wconf 81' lang='lat' dir='ltr'><strong>qrri</strong></span> <span class='ocrx_word' id='word_1_217' title='bbox 861 2437 897 2496; x_wconf 84' lang='lat' dir='ltr'><strong>ed</strong></span> <span class='ocrx_word' id='word_1_218' title='bbox 912 2453 1021 2498; x_wconf 89' lang='lat' dir='ltr'><strong>nervos</strong></span> <span class='ocrx_word' id='word_1_219' title='bbox 1034 2442 1179 2496; x_wconf 85' lang='lat' dir='ltr'><strong>resonent</strong></span> 
     </span>
     <span class='ocr_line' id='line_1_26' title="bbox 105 2514 1234 2600; baseline 0.002 -19"><span class='ocrx_word' id='word_1_220' title='bbox 105 2521 136 2582; x_wconf 90' lang='lat' dir='ltr'><strong>in</strong></span> <span class='ocrx_word' id='word_1_221' title='bbox 159 2521 305 2582; x_wconf 82' lang='lat' dir='ltr'><strong>cantibus.</strong></span> <span class='ocrx_word' id='word_1_222' title='bbox 352 2521 448 2592; x_wconf 80' lang='lat' dir='ltr'><strong>Quam</strong></span> <span class='ocrx_word' id='word_1_223' title='bbox 481 2529 658 2599; x_wconf 72' lang='lat' dir='ltr'><strong>verosptas</strong></span> <span class='ocrx_word' id='word_1_224' title='bbox 693 2539 840 2600; x_wconf 87' lang='lat' dir='ltr'><strong>quemque</strong></span> <span class='ocrx_word' id='word_1_225' title='bbox 873 2521 1031 2581; x_wconf 83' lang='lat' dir='ltr'><strong>multarum</strong></span> <span class='ocrx_word' id='word_1_226' title='bbox 1065 2514 1234 2598; x_wconf 76' lang='lat' dir='ltr'><strong>artiumdil</strong></span> 
     </span>
     <span class='ocr_line' id='line_1_27' title="bbox 105 2603 1235 2683; baseline -0.004 -16"><span class='ocrx_word' id='word_1_227' title='bbox 105 2607 259 2667; x_wconf 83' lang='lat' dir='ltr'><strong>ministras</strong></span> <span class='ocrx_word' id='word_1_228' title='bbox 281 2623 386 2665; x_wconf 82' lang='lat' dir='ltr'><strong>manus</strong></span> <span class='ocrx_word' id='word_1_229' title='bbox 409 2613 515 2665; x_wconf 85' lang='lat' dir='ltr'><strong>netum</strong></span> <span class='ocrx_word' id='word_1_230' title='bbox 537 2605 651 2666; x_wconf 91' lang='lat' dir='ltr'><strong>homini</strong></span> <span class='ocrx_word' id='word_1_231' title='bbox 676 2603 773 2667; x_wconf 86' lang='lat' dir='ltr'><strong>dedit!</strong></span> <span class='ocrx_word' id='word_1_232' title='bbox 804 2604 970 2683; x_wconf 84' lang='lat' dir='ltr'><strong>Digitorum</strong></span> <span class='ocrx_word' id='word_1_233' title='bbox 1000 2603 1080 2665; x_wconf 92' lang='lat' dir='ltr'><strong>enim</strong></span> <span class='ocrx_word' id='word_1_234' title='bbox 1103 2613 1235 2664; x_wconf 82' lang='lat' dir='ltr'><strong>con-150</strong></span> 
     </span>
    </p>
   </div>
   <div class='ocr_carea' id='block_1_3' title="bbox 60 2751 1212 3840">
    <p class='ocr_par' dir='ltr' id='par_1_3' title="bbox 60 2751 1212 3840">
     <span class='ocr_line' id='line_1_28' title="bbox 105 2751 1177 2818; baseline -0.005 -13"><span class='ocrx_word' id='word_1_235' title='bbox 105 2755 216 2818; x_wconf 80' lang='lat' dir='ltr'><strong>hdrigen,</strong></span> <span class='ocrx_word' id='word_1_236' title='bbox 237 2768 292 2805; x_wconf 85' lang='lat' dir='ltr'><strong>wos</strong></span> <span class='ocrx_word' id='word_1_237' title='bbox 311 2769 356 2805; x_wconf 83' lang='lat' dir='ltr'><strong>uus</strong></span> <span class='ocrx_word' id='word_1_238' title='bbox 368 2753 456 2817; x_wconf 85' lang='lat' dir='ltr'><strong>jedent</strong></span> <span class='ocrx_word' id='word_1_239' title='bbox 470 2752 551 2816; x_wconf 79' lang='lat' dir='ltr'><strong>Dioge</strong></span> <span class='ocrx_word' id='word_1_240' title='bbox 570 2754 619 2803; x_wconf 91' lang='lat' dir='ltr'><strong>und</strong></span> <span class='ocrx_word' id='word_1_241' title='bbox 662 2755 768 2812; x_wconf 82' lang='lat' dir='ltr'><strong>liemon,</strong></span> <span class='ocrx_word' id='word_1_242' title='bbox 790 2753 844 2803; x_wconf 91' lang='lat' dir='ltr'><strong>elso</strong></span> <span class='ocrx_word' id='word_1_243' title='bbox 862 2753 931 2802; x_wconf 89' lang='lat' dir='ltr'><strong>dicht</strong></span> <span class='ocrx_word' id='word_1_244' title='bbox 948 2751 1028 2802; x_wconf 85' lang='lat' dir='ltr'><strong>nchen</strong></span> <span class='ocrx_word' id='word_1_245' title='bbox 1046 2753 1095 2802; x_wconf 89' lang='lat' dir='ltr'><strong>den</strong></span> <span class='ocrx_word' id='word_1_246' title='bbox 1109 2751 1177 2802; x_wconf 89' lang='lat' dir='ltr'><strong>Lun-</strong></span> 
     </span>
     <span class='ocr_line' id='line_1_29' title="bbox 105 2818 1177 2884; baseline -0.004 -12"><span class='ocrx_word' id='word_1_247' title='bbox 105 2822 238 2872; x_wconf 80' lang='lat' dir='ltr'><strong>inwielern</strong></span> <span class='ocrx_word' id='word_1_248' title='bbox 256 2836 283 2870; x_wconf 87' lang='lat' dir='ltr'><strong>es</strong></span> <span class='ocrx_word' id='word_1_249' title='bbox 302 2820 517 2882; x_wconf 77' lang='lat' dir='ltr'><strong>doraus&#39;lolge.“</strong></span> <span class='ocrx_word' id='word_1_250' title='bbox 662 2838 710 2884; x_wconf 79' lang='lat' dir='ltr'><strong>gen</strong></span> <span class='ocrx_word' id='word_1_251' title='bbox 728 2824 779 2871; x_wconf 77' lang='lat' dir='ltr'><strong>het</strong></span> <span class='ocrx_word' id='word_1_252' title='bbox 807 2820 833 2873; x_wconf 88' lang='lat' dir='ltr'><strong>S.</strong></span> <span class='ocrx_word' id='word_1_253' title='bbox 855 2819 941 2876; x_wconf 79' lang='lat' dir='ltr'><strong>Galen,</strong></span> <span class='ocrx_word' id='word_1_254' title='bbox 964 2819 995 2868; x_wconf 89' lang='lat' dir='ltr'><strong>dc</strong></span> <span class='ocrx_word' id='word_1_255' title='bbox 1013 2818 1130 2884; x_wconf 89' lang='lat' dir='ltr'><strong>Hippocr.</strong></span> <span class='ocrx_word' id='word_1_256' title='bbox 1151 2826 1177 2868; x_wconf 86' lang='lat' dir='ltr'><strong>ot</strong></span> 
     </span>
     <span class='ocr_line' id='line_1_30' title="bbox 154 2882 1174 2951; baseline -0.006 -11"><span class='ocrx_word' id='word_1_257' title='bbox 154 2907 198 2940; x_wconf 82' lang='lat' dir='ltr'><strong>uae</strong></span> <span class='ocrx_word' id='word_1_258' title='bbox 219 2906 260 2939; x_wconf 83' lang='lat' dir='ltr'><strong>vos</strong></span> <span class='ocrx_word' id='word_1_259' title='bbox 281 2915 309 2924; x_wconf 87' lang='lat'>-</span> <span class='ocrx_word' id='word_1_260' title='bbox 329 2892 457 2951; x_wconf 72' lang='lat' dir='ltr'><strong>infirmatis.</strong></span> <span class='ocrx_word' id='word_1_261' title='bbox 502 2886 550 2937; x_wconf 83' lang='lat' dir='ltr'><strong>Mn</strong></span> <span class='ocrx_word' id='word_1_262' title='bbox 572 2887 619 2936; x_wconf 90' lang='lat' dir='ltr'><strong>Be·</strong></span> <span class='ocrx_word' id='word_1_263' title='bbox 661 2882 727 2938; x_wconf 85' lang='lat' dir='ltr'><strong>Plet.</strong></span> <span class='ocrx_word' id='word_1_264' title='bbox 760 2888 841 2948; x_wconf 72' lang='lat' dir='ltr'><strong>dogm.</strong></span> <span class='ocrx_word' id='word_1_265' title='bbox 868 2886 898 2943; x_wconf 89' lang='lat' dir='ltr'><strong>ll,</strong></span> <span class='ocrx_word' id='word_1_266' title='bbox 927 2884 985 2936; x_wconf 78' lang='lat' dir='ltr'><strong>off.</strong></span> <span class='ocrx_word' id='word_1_267' title='bbox 1006 2885 1056 2933; x_wconf 91' lang='lat' dir='ltr'><strong>und</strong></span> <span class='ocrx_word' id='word_1_268' title='bbox 1080 2884 1120 2941; x_wconf 85' lang='lat' dir='ltr'><strong>lli,</strong></span> <span class='ocrx_word' id='word_1_269' title='bbox 1149 2887 1174 2936; x_wconf 81' lang='lat'><strong>8.</strong></span> 
     </span>
     <span class='ocr_line' id='line_1_31' title="bbox 105 2909 1177 3018; baseline -0.005 -13"><span class='ocrx_word' id='word_1_270' title='bbox 105 2909 213 3017; x_wconf 66' lang='lat' dir='ltr'><strong>zieirung</strong></span> <span class='ocrx_word' id='word_1_271' title='bbox 236 2953 283 3002; x_wconf 81' lang='lat' dir='ltr'><strong>eui</strong></span> <span class='ocrx_word' id='word_1_272' title='bbox 303 2954 351 3003; x_wconf 90' lang='lat' dir='ltr'><strong>den</strong></span> <span class='ocrx_word' id='word_1_273' title='bbox 370 2951 549 3018; x_wconf 84' lang='lat' dir='ltr'><strong>Skepticismus</strong></span> <span class='ocrx_word' id='word_1_274' title='bbox 573 2952 619 3002; x_wconf 87' lang='lat' dir='ltr'><strong>der</strong></span> <span class='ocrx_word' id='word_1_275' title='bbox 637 2968 644 2983; x_wconf 76' lang='lat'><em>¹</em></span> <span class='ocrx_word' id='word_1_276' title='bbox 662 2955 724 3004; x_wconf 87' lang='lat' dir='ltr'><strong>Hier</strong></span> <span class='ocrx_word' id='word_1_277' title='bbox 745 2952 813 3002; x_wconf 90' lang='lat' dir='ltr'><strong>wird</strong></span> <span class='ocrx_word' id='word_1_278' title='bbox 839 2953 885 3002; x_wconf 88' lang='lat' dir='ltr'><strong>der</strong></span> <span class='ocrx_word' id='word_1_279' title='bbox 903 2950 1022 3001; x_wconf 82' lang='lat' dir='ltr'><strong>(ledanke</strong></span> <span class='ocrx_word' id='word_1_280' title='bbox 1041 2951 1079 3001; x_wconf 82' lang='lat' dir='ltr'><strong>als</strong></span> <span class='ocrx_word' id='word_1_281' title='bbox 1096 2947 1177 3016; x_wconf 65' lang='grc' dir='ltr'><strong><em>λόγος</em></strong></span> 
     </span>
     <span class='ocr_line' id='line_1_32' title="bbox 106 3004 1175 3081; baseline -0.004 -8"><span class='ocrx_word' id='word_1_282' title='bbox 106 3004 1175 3081; x_wconf 56' lang='lat' dir='ltr'><strong>mmmwfflmwowmmfflmmmm</strong></span> 
     </span>
     <span class='ocr_line' id='line_1_33' title="bbox 103 3079 1176 3153; baseline -0.005 -12"><span class='ocrx_word' id='word_1_283' title='bbox 103 3115 110 3128; x_wconf 64' lang='grc' dir='ltr'><em>ι</em></span> <span class='ocrx_word' id='word_1_284' title='bbox 142 3091 199 3141; x_wconf 88' lang='grc'><strong>148.</strong></span> <span class='ocrx_word' id='word_1_285' title='bbox 219 3098 244 3140; x_wconf 83' lang='lat' dir='ltr'><strong>ut</strong></span> <span class='ocrx_word' id='word_1_286' title='bbox 261 3107 301 3140; x_wconf 83' lang='lat' dir='ltr'><strong>cos</strong></span> <span class='ocrx_word' id='word_1_287' title='bbox 319 3091 399 3140; x_wconf 84' lang='lat' dir='ltr'><strong>soletis</strong></span> <span class='ocrx_word' id='word_1_288' title='bbox 424 3091 515 3138; x_wconf 81' lang='lat' dir='ltr'><strong>dicore:</strong></span> <span class='ocrx_word' id='word_1_289' title='bbox 541 3087 564 3135; x_wconf 90' lang='lat' dir='ltr'><strong>d.</strong></span> <span class='ocrx_word' id='word_1_290' title='bbox 591 3086 615 3134; x_wconf 86' lang='lat' dir='ltr'><strong>lr.</strong></span> <span class='ocrx_word' id='word_1_291' title='bbox 661 3086 753 3144; x_wconf 86' lang='lat' dir='ltr'><strong>Wort,</strong></span> <span class='ocrx_word' id='word_1_292' title='bbox 784 3081 865 3152; x_wconf 78' lang='grc' dir='ltr'><em>λόγος</em></span> <span class='ocrx_word' id='word_1_293' title='bbox 881 3079 1066 3153; x_wconf 73' lang='grc' dir='ltr'><strong><em>προφορικός,</em></strong></span> <span class='ocrx_word' id='word_1_294' title='bbox 1098 3086 1176 3136; x_wconf 85' lang='lat' dir='ltr'><strong>durch</strong></span> 
     </span>
     <span class='ocr_line' id='line_1_34' title="bbox 107 3151 1030 3227; baseline -0.005 -20"><span class='ocrx_word' id='word_1_295' title='bbox 107 3159 140 3207; x_wconf 90' lang='lat' dir='ltr'><strong>du</strong></span> <span class='ocrx_word' id='word_1_296' title='bbox 164 3157 214 3206; x_wconf 91' lang='lat' dir='ltr'><strong>und</strong></span> <span class='ocrx_word' id='word_1_297' title='bbox 239 3155 312 3206; x_wconf 89' lang='lat' dir='ltr'><strong>deine</strong></span> <span class='ocrx_word' id='word_1_298' title='bbox 333 3154 550 3216; x_wconf 82' lang='lat' dir='ltr'><strong>lluostgcnossen‚</strong></span> <span class='ocrx_word' id='word_1_299' title='bbox 578 3151 619 3227; x_wconf 70' lang='lat' dir='ltr'><strong>dip</strong></span> <span class='ocrx_word' id='word_1_300' title='bbox 662 3154 702 3204; x_wconf 89' lang='lat' dir='ltr'><strong>die</strong></span> <span class='ocrx_word' id='word_1_301' title='bbox 721 3153 911 3219; x_wconf 78' lang='lat' dir='ltr'><strong>Sprechorgene</strong></span> <span class='ocrx_word' id='word_1_302' title='bbox 929 3155 1030 3203; x_wconf 88' lang='lat' dir='ltr'><strong>hervor.</strong></span> 
     </span>
     <span class='ocr_line' id='line_1_35' title="bbox 106 3219 1177 3288; baseline -0.002 -13"><span class='ocrx_word' id='word_1_303' title='bbox 106 3225 215 3275; x_wconf 77' lang='lat' dir='ltr'><strong>Redder.</strong></span> <span class='ocrx_word' id='word_1_304' title='bbox 254 3223 337 3272; x_wconf 89' lang='lat' dir='ltr'><strong>Ueher</strong></span> <span class='ocrx_word' id='word_1_305' title='bbox 360 3223 434 3273; x_wconf 86' lang='lat' dir='ltr'><strong>Cotta</strong></span> <span class='ocrx_word' id='word_1_306' title='bbox 457 3220 495 3270; x_wconf 82' lang='lat' dir='ltr'><strong>als</strong></span> <span class='ocrx_word' id='word_1_307' title='bbox 519 3219 621 3287; x_wconf 83' lang='lat' dir='ltr'><strong>Redner</strong></span> <span class='ocrx_word' id='word_1_308' title='bbox 695 3240 741 3274; x_wconf 81' lang='lat' dir='ltr'><strong>coc</strong></span> <span class='ocrx_word' id='word_1_309' title='bbox 759 3227 906 3274; x_wconf 76' lang='lat' dir='ltr'><strong>immoderate</strong></span> <span class='ocrx_word' id='word_1_310' title='bbox 921 3228 1017 3288; x_wconf 75' lang='lat' dir='ltr'><strong>profusa</strong></span> <span class='ocrx_word' id='word_1_311' title='bbox 1034 3221 1113 3271; x_wconf 89' lang='lat' dir='ltr'><strong>heisst</strong></span> <span class='ocrx_word' id='word_1_312' title='bbox 1131 3221 1177 3273; x_wconf 87' lang='lat' dir='ltr'><strong>der</strong></span> 
     </span>
     <span class='ocr_line' id='line_1_36' title="bbox 107 3287 1177 3352; baseline -0.002 -11"><span class='ocrx_word' id='word_1_313' title='bbox 107 3291 160 3342; x_wconf 81' lang='lat' dir='ltr'><strong>sd.</strong></span> <span class='ocrx_word' id='word_1_314' title='bbox 177 3290 320 3341; x_wconf 75' lang='lat' dir='ltr'><strong>ieiunius.</strong></span> <span class='ocrx_word' id='word_1_315' title='bbox 337 3291 375 3347; x_wconf 88' lang='lat'><strong>18,</strong></span> <span class='ocrx_word' id='word_1_316' title='bbox 398 3289 555 3339; x_wconf 88' lang='lat' dir='ltr'><strong>undzudem</strong></span> <span class='ocrx_word' id='word_1_317' title='bbox 574 3288 620 3337; x_wconf 86' lang='lat' dir='ltr'><strong>iol·</strong></span> <span class='ocrx_word' id='word_1_318' title='bbox 663 3288 837 3339; x_wconf 83' lang='lat' dir='ltr'><strong>unerticulirte</strong></span> <span class='ocrx_word' id='word_1_319' title='bbox 855 3287 935 3352; x_wconf 79' lang='lat' dir='ltr'><strong>Laut,</strong></span> <span class='ocrx_word' id='word_1_320' title='bbox 960 3288 1011 3339; x_wconf 89' lang='lat' dir='ltr'><strong>wie</strong></span> <span class='ocrx_word' id='word_1_321' title='bbox 1029 3288 1177 3352; x_wconf 78' lang='lat' dir='ltr'><strong>umgekehrt</strong></span> 
     </span>
     <span class='ocr_line' id='line_1_37' title="bbox 107 3355 1177 3421; baseline -0.003 -13"><span class='ocrx_word' id='word_1_322' title='bbox 107 3359 204 3421; x_wconf 75' lang='lat' dir='ltr'><strong>geoden</strong></span> <span class='ocrx_word' id='word_1_323' title='bbox 219 3358 288 3408; x_wconf 85' lang='lat' dir='ltr'><strong>Lohe</strong></span> <span class='ocrx_word' id='word_1_324' title='bbox 307 3356 551 3415; x_wconf 82' lang='lat' dir='ltr'><strong>derBeredsemlreit</strong></span> <span class='ocrx_word' id='word_1_325' title='bbox 567 3355 617 3418; x_wconf 74' lang='lat' dir='ltr'><strong>vgl.</strong></span> <span class='ocrx_word' id='word_1_326' title='bbox 662 3361 788 3410; x_wconf 81' lang='lat' dir='ltr'><strong>moderatio</strong></span> <span class='ocrx_word' id='word_1_327' title='bbox 807 3362 869 3409; x_wconf 84' lang='lat' dir='ltr'><strong>oecis</strong></span> <span class='ocrx_word' id='word_1_328' title='bbox 885 3372 935 3406; x_wconf 90' lang='lat' dir='ltr'><strong>von</strong></span> <span class='ocrx_word' id='word_1_329' title='bbox 953 3357 999 3407; x_wconf 86' lang='lat' dir='ltr'><strong>der</strong></span> <span class='ocrx_word' id='word_1_330' title='bbox 1011 3355 1177 3407; x_wconf 83' lang='lat' dir='ltr'><strong>Articulotiou</strong></span> 
     </span>
     <span class='ocr_line' id='line_1_38' title="bbox 60 3422 1176 3487; baseline -0.001 -13"><span class='ocrx_word' id='word_1_331' title='bbox 60 3452 62 3456; x_wconf 39' lang='lat' dir='ltr'>v</span> <span class='ocrx_word' id='word_1_332' title='bbox 107 3425 138 3474; x_wconf 87' lang='lat' dir='ltr'><strong>de</strong></span> <span class='ocrx_word' id='word_1_333' title='bbox 158 3424 228 3474; x_wconf 87' lang='lat' dir='ltr'><strong>Oret.</strong></span> <span class='ocrx_word' id='word_1_334' title='bbox 250 3425 268 3483; x_wconf 89' lang='lat'><strong>1,</strong></span> <span class='ocrx_word' id='word_1_335' title='bbox 290 3426 314 3476; x_wconf 92' lang='lat'><strong>8.</strong></span> <span class='ocrx_word' id='word_1_336' title='bbox 335 3425 366 3473; x_wconf 87' lang='lat' dir='ltr'><strong>de</strong></span> <span class='ocrx_word' id='word_1_337' title='bbox 384 3422 481 3474; x_wconf 86' lang='lat' dir='ltr'><strong>lnveot.</strong></span> <span class='ocrx_word' id='word_1_338' title='bbox 501 3423 519 3482; x_wconf 88' lang='lat' dir='ltr'><strong>l,</strong></span> <span class='ocrx_word' id='word_1_339' title='bbox 542 3425 582 3475; x_wconf 76' lang='lat'><strong>2·</strong></span> <span class='ocrx_word' id='word_1_340' title='bbox 662 3425 730 3473; x_wconf 86' lang='lat' dir='ltr'><strong>steht</strong></span> <span class='ocrx_word' id='word_1_341' title='bbox 759 3425 790 3474; x_wconf 89' lang='lat' dir='ltr'><strong>de</strong></span> <span class='ocrx_word' id='word_1_342' title='bbox 820 3424 899 3487; x_wconf 78' lang='lat' dir='ltr'><strong>Legg.</strong></span> <span class='ocrx_word' id='word_1_343' title='bbox 928 3422 946 3480; x_wconf 90' lang='lat' dir='ltr'><strong>l,</strong></span> <span class='ocrx_word' id='word_1_344' title='bbox 968 3427 991 3481; x_wconf 85' lang='lat'><strong>9,</strong></span> <span class='ocrx_word' id='word_1_345' title='bbox 1014 3426 1055 3474; x_wconf 78' lang='lat'><strong>27.</strong></span> <span class='ocrx_word' id='word_1_346' title='bbox 1093 3423 1176 3473; x_wconf 76' lang='lat' dir='ltr'><strong>nureo</strong></span> 
     </span>
     <span class='ocr_line' id='line_1_39' title="bbox 143 3490 1185 3558; baseline -0.005 -15"><span class='ocrx_word' id='word_1_347' title='bbox 143 3494 200 3544; x_wconf 78' lang='lat'>149.</span> <span class='ocrx_word' id='word_1_348' title='bbox 220 3511 276 3544; x_wconf 71' lang='lat' dir='ltr'><strong>cour</strong></span> <span class='ocrx_word' id='word_1_349' title='bbox 289 3496 429 3558; x_wconf 80' lang='lat' dir='ltr'><strong>principium</strong></span> <span class='ocrx_word' id='word_1_350' title='bbox 455 3511 469 3543; x_wconf 86' lang='lat' dir='ltr'><strong><em>a</em></strong></span> <span class='ocrx_word' id='word_1_351' title='bbox 485 3500 559 3544; x_wconf 81' lang='lat' dir='ltr'><strong>mente</strong></span> <span class='ocrx_word' id='word_1_352' title='bbox 576 3495 621 3542; x_wconf 83' lang='lat' dir='ltr'><strong>du·</strong></span> <span class='ocrx_word' id='word_1_353' title='bbox 664 3490 704 3539; x_wconf 84' lang='lat' dir='ltr'><strong>die</strong></span> <span class='ocrx_word' id='word_1_354' title='bbox 714 3491 880 3541; x_wconf 80' lang='lat' dir='ltr'><strong>Articulotion</strong></span> <span class='ocrx_word' id='word_1_355' title='bbox 891 3491 996 3540; x_wconf 87' lang='lat' dir='ltr'><strong>werden</strong></span> <span class='ocrx_word' id='word_1_356' title='bbox 1007 3490 1115 3540; x_wconf 86' lang='lat' dir='ltr'><strong>deutlich</strong></span> <span class='ocrx_word' id='word_1_357' title='bbox 1128 3505 1185 3538; x_wconf 79' lang='lat' dir='ltr'><strong>von</strong></span> 
     </span>
     <span class='ocr_line' id='line_1_40' title="bbox 66 3556 1176 3621; baseline -0.003 -12"><span class='ocrx_word' id='word_1_358' title='bbox 66 3598 77 3609; x_wconf 96' lang='lat'>.</span> <span class='ocrx_word' id='word_1_359' title='bbox 107 3578 203 3611; x_wconf 82' lang='lat' dir='ltr'><strong>ceos-.</strong></span> <span class='ocrx_word' id='word_1_360' title='bbox 238 3557 282 3607; x_wconf 91' lang='lat' dir='ltr'><strong>Um</strong></span> <span class='ocrx_word' id='word_1_361' title='bbox 307 3558 361 3608; x_wconf 87' lang='lat' dir='ltr'><strong>dies</strong></span> <span class='ocrx_word' id='word_1_362' title='bbox 391 3573 456 3621; x_wconf 81' lang='lat' dir='ltr'><strong>ganz</strong></span> <span class='ocrx_word' id='word_1_363' title='bbox 484 3558 517 3607; x_wconf 92' lang='lat' dir='ltr'><strong>im</strong></span> <span class='ocrx_word' id='word_1_364' title='bbox 544 3556 622 3609; x_wconf 89' lang='lat' dir='ltr'><strong>Sinne</strong></span> <span class='ocrx_word' id='word_1_365' title='bbox 664 3558 799 3613; x_wconf 81' lang='lat' dir='ltr'><strong>einander·</strong></span> <span class='ocrx_word' id='word_1_366' title='bbox 818 3557 1025 3608; x_wconf 85' lang='lat' dir='ltr'><strong>untersehiedene</strong></span> <span class='ocrx_word' id='word_1_367' title='bbox 1061 3558 1110 3605; x_wconf 91' lang='lat' dir='ltr'><strong>und</strong></span> <span class='ocrx_word' id='word_1_368' title='bbox 1133 3556 1176 3606; x_wconf 88' lang='lat' dir='ltr'><strong>be-</strong></span> 
     </span>
     <span class='ocr_line' id='line_1_41' title="bbox 108 3622 1173 3687; baseline -0.002 -11"><span class='ocrx_word' id='word_1_369' title='bbox 108 3627 153 3677; x_wconf 88' lang='lat' dir='ltr'><strong>des</strong></span> <span class='ocrx_word' id='word_1_370' title='bbox 178 3625 292 3676; x_wconf 78' lang='lat' dir='ltr'><strong>Stoilrers</strong></span> <span class='ocrx_word' id='word_1_371' title='bbox 316 3641 347 3674; x_wconf 85' lang='lat' dir='ltr'><strong>zu</strong></span> <span class='ocrx_word' id='word_1_372' title='bbox 376 3626 522 3683; x_wconf 84' lang='lat' dir='ltr'><strong>verstehen‚</strong></span> <span class='ocrx_word' id='word_1_373' title='bbox 553 3641 620 3675; x_wconf 89' lang='lat' dir='ltr'><strong>muss</strong></span> <span class='ocrx_word' id='word_1_374' title='bbox 663 3625 755 3675; x_wconf 88' lang='lat' dir='ltr'><strong>stimmt</strong></span> <span class='ocrx_word' id='word_1_375' title='bbox 783 3625 918 3687; x_wconf 74' lang='lat' dir='ltr'><strong>hegrenzte</strong></span> <span class='ocrx_word' id='word_1_376' title='bbox 943 3624 1024 3674; x_wconf 80' lang='lat' dir='ltr'><strong>Lente</strong></span> <span class='ocrx_word' id='word_1_377' title='bbox 1056 3622 1173 3686; x_wconf 79' lang='lat' dir='ltr'><strong>gehildet,</strong></span> 
     </span>
     <span class='ocr_line' id='line_1_42' title="bbox 107 3691 1176 3759; baseline -0.002 -16"><span class='ocrx_word' id='word_1_378' title='bbox 107 3698 164 3743; x_wconf 73' lang='lat' dir='ltr'><strong>men</strong></span> <span class='ocrx_word' id='word_1_379' title='bbox 183 3693 235 3743; x_wconf 90' lang='lat' dir='ltr'><strong>sich</strong></span> <span class='ocrx_word' id='word_1_380' title='bbox 253 3692 378 3749; x_wconf 82' lang='lat' dir='ltr'><strong>ermom,</strong></span> <span class='ocrx_word' id='word_1_381' title='bbox 401 3693 459 3742; x_wconf 82' lang='lat' dir='ltr'><strong>dass</strong></span> <span class='ocrx_word' id='word_1_382' title='bbox 468 3694 531 3742; x_wconf 83' lang='lat' dir='ltr'><strong>noch</strong></span> <span class='ocrx_word' id='word_1_383' title='bbox 541 3693 621 3759; x_wconf 77' lang='lat' dir='ltr'><strong>Chry·</strong></span> <span class='ocrx_word' id='word_1_384' title='bbox 663 3699 715 3745; x_wconf 83' lang='lat' dir='ltr'><strong>som</strong></span> <span class='ocrx_word' id='word_1_385' title='bbox 732 3696 794 3744; x_wconf 83' lang='lat' dir='ltr'><strong>uocis</strong></span> <span class='ocrx_word' id='word_1_386' title='bbox 813 3697 916 3744; x_wconf 78' lang='lat' dir='ltr'><strong>distincti</strong></span> <span class='ocrx_word' id='word_1_387' title='bbox 935 3701 955 3742; x_wconf 81' lang='lat' dir='ltr'><strong>et</strong></span> <span class='ocrx_word' id='word_1_388' title='bbox 971 3697 1060 3758; x_wconf 80' lang='lat' dir='ltr'><strong>pressi,</strong></span> <span class='ocrx_word' id='word_1_389' title='bbox 1081 3691 1121 3740; x_wconf 90' lang='lat' dir='ltr'><strong>die</strong></span> <span class='ocrx_word' id='word_1_390' title='bbox 1140 3691 1176 3741; x_wconf 89' lang='lat' dir='ltr'><strong>ei-</strong></span> 
     </span>
     <span class='ocr_line' id='line_1_43' title="bbox 123 3755 1212 3840; baseline 0 -31"><span class='ocrx_word' id='word_1_391' title='bbox 123 3761 322 3827; x_wconf 84' lang='lat' dir='ltr'><strong>&#39;ppus‚oi1sdc</strong></span> <span class='ocrx_word' id='word_1_392' title='bbox 364 3761 434 3811; x_wconf 86' lang='lat' dir='ltr'><strong>diese</strong></span> <span class='ocrx_word' id='word_1_393' title='bbox 452 3760 539 3809; x_wconf 86' lang='lat' dir='ltr'><strong>Pertie</strong></span> <span class='ocrx_word' id='word_1_394' title='bbox 557 3763 620 3810; x_wconf 90' lang='lat' dir='ltr'><strong>ohne</strong></span> <span class='ocrx_word' id='word_1_395' title='bbox 663 3759 842 3840; x_wconf 60' lang='lat' dir='ltr'><strong>penthirmliche</strong></span> <span class='ocrx_word' id='word_1_396' title='bbox 877 3758 946 3808; x_wconf 83' lang='lat' dir='ltr'><strong>Gehe</strong></span> <span class='ocrx_word' id='word_1_397' title='bbox 982 3759 1028 3807; x_wconf 91' lang='lat' dir='ltr'><strong>der</strong></span> <span class='ocrx_word' id='word_1_398' title='bbox 1061 3755 1177 3827; x_wconf 75' lang='grc' dir='ltr'><strong>μέροπες</strong></span> <span class='ocrx_word' id='word_1_399' title='bbox 1209 3773 1212 3780; x_wconf 82' lang='grc'>’</span> 
     </span>
    </p>
   </div>
   <div class='ocr_carea' id='block_1_4' title="bbox 107 3777 1176 4028">
    <p class='ocr_par' dir='ltr' id='par_1_4' title="bbox 107 3777 1176 4028">
     <span class='ocr_line' id='line_1_44' title="bbox 107 3777 1175 3894; baseline -0.002 -16"><span class='ocrx_word' id='word_1_400' title='bbox 107 3777 216 3879; x_wconf 54' lang='lat' dir='ltr'><strong>{weiiel</strong></span> <span class='ocrx_word' id='word_1_401' title='bbox 232 3827 359 3877; x_wconf 85' lang='lat' dir='ltr'><strong>mittelhar</strong></span> <span class='ocrx_word' id='word_1_402' title='bbox 377 3827 439 3876; x_wconf 92' lang='lat' dir='ltr'><strong>oder</strong></span> <span class='ocrx_word' id='word_1_403' title='bbox 461 3827 621 3877; x_wconf 83' lang='lat' dir='ltr'><strong>unmittelhor</strong></span> <span class='ocrx_word' id='word_1_404' title='bbox 664 3830 821 3894; x_wconf 76' lang='grc' dir='ltr'><strong><em>ανθρωποι,</em></strong></span> <span class='ocrx_word' id='word_1_405' title='bbox 850 3825 971 3875; x_wconf 90' lang='lat' dir='ltr'><strong>wodurch</strong></span> <span class='ocrx_word' id='word_1_406' title='bbox 996 3825 1033 3875; x_wconf 87' lang='lat' dir='ltr'><strong>sie</strong></span> <span class='ocrx_word' id='word_1_407' title='bbox 1057 3825 1110 3875; x_wconf 88' lang='lat' dir='ltr'><strong>sich</strong></span> <span class='ocrx_word' id='word_1_408' title='bbox 1128 3841 1175 3876; x_wconf 90' lang='lat' dir='ltr'><strong>von</strong></span> 
     </span>
     <span class='ocr_line' id='line_1_45' title="bbox 108 3888 1176 3962; baseline -0.002 -16"><span class='ocrx_word' id='word_1_409' title='bbox 108 3896 239 3962; x_wconf 67' lang='lat' dir='ltr'><strong>fleichdpit</strong></span> <span class='ocrx_word' id='word_1_410' title='bbox 256 3896 303 3952; x_wconf 88' lang='lat' dir='ltr'><strong>ist,</strong></span> <span class='ocrx_word' id='word_1_411' title='bbox 332 3895 372 3944; x_wconf 89' lang='lat' dir='ltr'><strong>die</strong></span> <span class='ocrx_word' id='word_1_412' title='bbox 390 3894 532 3944; x_wconf 78' lang='lat' dir='ltr'><strong>llenkkrdlt</strong></span> <span class='ocrx_word' id='word_1_413' title='bbox 548 3894 619 3945; x_wconf 88' lang='lat' dir='ltr'><strong>ihren</strong></span> <span class='ocrx_word' id='word_1_414' title='bbox 663 3895 710 3944; x_wconf 90' lang='lat' dir='ltr'><strong>den</strong></span> <span class='ocrx_word' id='word_1_415' title='bbox 733 3888 842 3944; x_wconf 81' lang='lat' dir='ltr'><strong>Thiercn</strong></span> <span class='ocrx_word' id='word_1_416' title='bbox 867 3893 1072 3951; x_wconf 84' lang='lat' dir='ltr'><strong>untersoheiden,</strong></span> <span class='ocrx_word' id='word_1_417' title='bbox 1099 3893 1176 3944; x_wconf 88' lang='lat' dir='ltr'><strong>deren</strong></span> 
     </span>
     <span class='ocr_line' id='line_1_46' title="bbox 110 3960 1116 4028; baseline -0.003 -15"><span class='ocrx_word' id='word_1_418' title='bbox 110 3963 162 4013; x_wconf 87' lang='lat' dir='ltr'><strong>Sitz</strong></span> <span class='ocrx_word' id='word_1_419' title='bbox 186 3965 211 4012; x_wconf 89' lang='lat' dir='ltr'><strong>in</strong></span> <span class='ocrx_word' id='word_1_420' title='bbox 235 3963 281 4013; x_wconf 89' lang='lat' dir='ltr'><strong>der</strong></span> <span class='ocrx_word' id='word_1_421' title='bbox 304 3963 392 4020; x_wconf 81' lang='lat' dir='ltr'><strong>Brust,</strong></span> <span class='ocrx_word' id='word_1_422' title='bbox 424 3962 474 4011; x_wconf 90' lang='lat' dir='ltr'><strong>und</strong></span> <span class='ocrx_word' id='word_1_423' title='bbox 498 3974 569 4011; x_wconf 85' lang='lat' dir='ltr'><strong>zwer</strong></span> <span class='ocrx_word' id='word_1_424' title='bbox 586 3962 620 4011; x_wconf 88' lang='lat' dir='ltr'><strong>im</strong></span> <span class='ocrx_word' id='word_1_425' title='bbox 661 3981 707 4014; x_wconf 82' lang='lat' dir='ltr'><strong>occ</strong></span> <span class='ocrx_word' id='word_1_426' title='bbox 724 3962 780 4012; x_wconf 88' lang='lat' dir='ltr'><strong>eine</strong></span> <span class='ocrx_word' id='word_1_427' title='bbox 797 3966 945 4014; x_wconf 83' lang='lat' dir='ltr'><strong>immoderate</strong></span> <span class='ocrx_word' id='word_1_428' title='bbox 960 3969 1058 4028; x_wconf 75' lang='lat' dir='ltr'><strong>profuso</strong></span> <span class='ocrx_word' id='word_1_429' title='bbox 1075 3960 1116 4012; x_wconf 88' lang='lat' dir='ltr'><strong>ist.</strong></span> 
     </span>
    </p>
   </div>
   <div class='ocr_carea' id='block_1_5' title="bbox 0 0 1327 4418">
    <p class='ocr_par' dir='ltr' id='par_1_5' title="bbox 0 0 1327 4418">
     <span class='ocr_line' id='line_1_47' title="bbox 0 0 1327 4418; baseline 0 0"><span class='ocrx_word' id='word_1_430' title='bbox 0 0 1327 4418; x_wconf 95' lang='lat' dir='ltr'><strong> </strong></span> 
     </span>
    </p>
   </div>
  </div>
 </body>
</html>
