2640 4418
440 331 821 384 murmuriosae.
870 368 914 399 ,,
967 314 970 324 ’
1083 321 1168 381 *77

103 486 241 548 homines
264 486 397 547 deorum.
444 485 586 557 Quaeres,
611 484 681 563 quid
704 484 840 545 intersit:
874 483 900 544 si
933 484 1013 544 enim
1045 484 1104 545 hoc
1125 486 1170 547 illi
1262 515 1266 521 «

103 571 201 631 simile
223 571 271 639 sit,
288 589 362 640 ‚esse
384 569 456 630 illud
471 570 550 631 huic.
596 571 704 641 Video,
727 569 833 652 sedi-ro
897 568 941 628 'o
970 587 1035 649 ¹non
1058 569 1094 629 ab
1118 571 1172 631 ho-

104 655 240 716 minibus·
258 655 372 736 formae
403 654 668 730 figuramvenisse
687 654 778 733 ‚add
1053 673 1173 733 semper

104 736 240 812 lueruntss
269 740 331 800 nati
359 758 519 817 numquam
549 750 634 809 sunt,
668 737 816 816 siquidem
1064 739 1171 815 luturi;

104 833 135 885 at
156 824 294 885 homines
316 824 393 884 nati:
417 832 484 884 ante
506 822 597 900 igitur
618 824 746 883 humana
769 823 816 883 lor
849 842 880 894 a,
895 826 900 834 '
914 842 1000 901 quam
1024 824 1172 896 nominee,

105 887 155 980 eal,
189 928 246 987 quta
270 918 354 969 eraut
375 910 469 971 forma
493 907 535 967 dii
559 902 751 968 immortales.
794 907 861 989 Non
883 925 954 984 ergo
976 907 1096 968 illorum
1116 910 1172 969 hu-

106 1012 192 1055 mana
216 995 321 1065 forma,
346 993 397 1053 sed
413 1000 515 1078 nostra
539 993 636 1053 divina
650 993 777 1071 dicenda
798 1000 854 1054 est.
899 993 1005 1052 Verum
1026 992 1084 1053 hoc
1106 995 1172 1073 qui-

106 1079 183 1152 dem,
207 1087 239 1138 ut
259 1077 381 1138 voletis:
405 1076 477 1137 illud
504 1095 623 1155 quaero,
648 1096 723 1156 quae
738 1076 921 1146 luerittanta
944 1078 1062 1137 fortuna
1087 1079 1171 1151 (nihil

104 1163 185 1223 enim
206 1163 321 1222 ratione
344 1162 374 1221 in
388 1179 486 1222 rerum
506 1170 609 1222 natura
623 1163 733 1223 sactum
757 1181 824 1221 esse
837 1149 937 1236 vultis)
952 1171 992 1204 '-
1006 1163 1058 1221 sed
1074 1172 1172 1223 tamen
1239 1198 1242 1202 ι

106 1250 173 1326 quis
195 1247 252 1306 iste
275 1256 374 1307 tantus
397 1243 509 1307 casus?
532 1248 610 1311 unde
632 1256 692 1307 tam
715 1245 785 1306 felix
807 1264 972 1306 concursus
989 1257 1170 1321 atomorum,
1186 1259 1214 1308 91

105 1340 137 1392 ut
159 1330 442 1410 repente‘homines
465 1331 587 1392 deorum
611 1332 705 1391 forma
719 1328 936 1392 nascerentur?
958 1330 1079 1391 Semina
1101 1332 1173 1392 deo-

104 1435 169 1476 rum
193 1415 344 1477 decidisse
375 1416 412 1476 de
445 1415 528 1475 caelo
560 1424 698 1495 putamus
737 1416 767 1476 in
790 1424 938 1478 terraset
970 1415 1014 1475 sic
1036 1416 1173 1476 homines

104 1509 221 1577 patrum
245 1500 358 1560 similes
379 1497 551 1561 exstitisse?
574 1500 683 1560 Vellem
698 1500 856 1574 diceretis3
880 1501 1003 1560 deorum
1021 1501 1174 1577 cognatio-

105 1601 172 1642 nem
195 1602 388 1660 agnoscerem
412 1604 471 1644 non
494 1584 613 1645 invitus.
656 1582 736 1645 Nihil
770 1586 829 1646 tale
862 1585 981 1657 dicitis,
1017 1585 1069 1645 sed
1104 1605 1174 1646 casu

105 1685 172 1728 esse
196 1669 315 1738 iactum,
339 1677 371 1729 ut
393 1668 516 1730 deorum
534 1669 647 1730 similes
671 1688 815 1730 essemus.
842 1670 881 1729 Et
901 1688 981 1731 nunc
1003 1669 1176 1746 arg'umenta

107 1753 276 1830 quaerenda
312 1761 397 1825 sunt,
433 1753 539 1832 quibus
562 1755 620 1815 hoc
642 1751 818 1814 refellatur?
856 1755 971 1815 Utinam
1006 1763 1064 1814 tam
1088 1756 1175 1815 lacile

104 1855 173 1896 vera
195 1827 328 1897 invenire
350 1857 488 1915 possem,
522 1858 609 1916 quam
631 1839 705 1898 laisa
729 1838 916 1898 convincere.
960 1839 1077 1899 Etenim
1100 1859 1171 1900 enu-
1187 1836 1248 1904 33¹

106 1922 227 1980 merasti
241 1922 413 1983 memoriter
435 1933 465 1982 et
478 1923 600 2001 copiose
614 1925 658 1996 (ut
669 1923 743 1983 milri
763 1922 881 1998 quidem
896 1922 1036 1981 admirari
1059 1923 1174 1996 liberet,

105 2005 136 2065 iu
160 2006 280 2065 homine
313 2025 380 2067 esse
403 2008 536 2067 Romano
560 2015 680 2066 ¹tantam
703 2007 879 2082 scientiam)
914 2025 1009 2085 usque
1043 2008 1175 2068 aTlmle

104 2089 222 2150 illilesio
255 2091 290 2150 de
322 2092 445 2152 deorum
480 2103 583 2152 natura
610 2091 858 2170 philosophorum
882 2091 1058 2151 sententias
1104 2093 1219 2152 Omni

105 2193 200 2253 nesne
222 2175 277 2235 tibi
299 2175 343 2235 illi
366 2166 493 2237 delirire
514 2176 571 2236 visi
594 2185 678 2249 sunt,
717 2177 767 2254 qui
791 2175 855 2235 sine
878 2176 1015 2236 manibus
1040 2184 1069 2235 et
1091 2177 1176 2255 pedi-

105 2258 161 2318 hus
184 2269 322 2320 constare
345 2262 431 2321 deum
465 2281 556 2339 posse
579 2257 795 2321 decreverunt?
832 2261 875 2319 Ne
898 2261 955 2321 hoc
979 2259 1099 2339 quidem
1121 2281 1174 2322 vos

105 2353 203 2409 movet
226 2344 460 2416 considerantes,
495 2364 570 2423 quae
594 2346 632 2405 sit
654 2346 766 2405 utilitas
808 2364 943 2422 quaeque
966 2344 1182 2424 opportunitas,
1284 2338 1288 2355 '

107 2426 137 2486 in
161 2427 281 2487 homine
303 2428 520 2500 membrorum,
551 2440 583 2489 ut
605 2428 753 2500 iudicetis
777 2429 919 2489 membris
943 2430 1080 2490 immanis
1103 2431 1177 2491 deos
1237 2440 1243 2445 ’

107 2530 167 2570 non
198 2510 309 2589 egere?
342 2513 421 2585 Quid
455 2514 535 2573 enim
567 2514 695 2592 pedibus
733 2533 809 2592 opus
843 2522 889 2574 est
917 2513 984 2574 sine
1013 2513 1182 2592 ingressui.

108 2595 179 2674 quid
202 2597 357 2669 mambae,
382 2598 405 2657 si
431 2597 505 2658 nihil
537 2598 850 2677 comprehendendum
876 2595 945 2659 est?
968 2598 1039 2676 quid
1063 2600 1176 2678 reliqua

107 2681 310 2759 descriptione
333 2682 465 2743 omnium
489 2684 625 2762 corporis
647 2684 794 2762 partium,
829 2684 860 2742 in
890 2702 947 2762 qua
977 2684 1052 2743 nihil
1076 2685 1174 2757 inane,

35 2759 37 2765 ’
107 2765 181 2825 nihil
204 2767 269 2826 sine
293 2786 408 2838 caussa,
433 2768 506 2827 nihil
530 2775 782 2847 supervacaneum
808 2765 876 2828 est?
898 2769 1104 2846 ltaquenulla
1128 2789 1176 2830 ars

107 2849 217 2908 imitari
240 2850 402 2909 sollertiam
426 2862 548 2935 naturae
568 2861 675 2931 potest.
721 2852 848 2913 Habebit
861 2852 951 2928 igitur
972 2853 1101 2928 linguam
1126 2854 1176 2912 de-

108 2952 153 3005 us,
178 2940 207 2991 et
219 2951 279 2992 non
294 2933 449 3010 loquetur;
473 2937 587 3004 dentes,
611 2937 749 3014 palatum,
774 2939 876 2995 lauces
891 2935 1003 2995 nullum
1022 2937 1174 2997 adfusum:

142 3083 183 3133 90.
205 3101 231 3134 eo
248 3101 293 3149 quc
310 3090 466 3149 cruciforme
483 3088 531 3135 dii.
566 3084 618 3134 Das
661 3084 728 3134 bcu‘l
756 3084 808 3134 Der
824 3081 948 3134 indicativ
972 3084 996 3133 in
1009 3085 1174 3148 ‚dergicichen
1270 3107 1272 3112 ¹

108 3150 345 3213 vorhergcgangeue
377 3159 451 3216 [ormo
483 3151 549 3201 wird
585 3153 619 3200 im
661 3153 760 3215 Fragcn
782 3154 816 3202 ist
839 3153 906 3202 nicht
929 3152 1018 3202 seiten.
1056 3154 1111 3217 Vgl.
1143 3156 1174 3206 de

108 3216 263 3267 Relativsatz
282 3218 328 3268 der
344 3221 477 3282 grossercn
493 3219 619 3270 Deutlich-
661 3220 717 3271 niv.
738 3220 768 3279 ll,
791 3223 814 3279 9,
837 3223 877 3281 23.
911 3226 1036 3288 quidcem
1058 3226 1176 3277 Gaesarem

109 3284 261 3346 keitwegen
272 3287 428 3346 wiedcrholt,
449 3288 499 3336 wie
518 3289 616 3351 heufig:
660 3295 826 3355 putemur-l
844 3290 875 3338 de
890 3288 937 3343 Off·
954 3288 984 3347 ll,
1006 3293 1038 3347 'is
1052 3292 1098 3341 25:
1119 3297 1175 3358 quid

109 3352 159 3400 und
171 3352 228 3402 dass
244 3355 336 3404 vorher
351 3354 415 3406 auch‘
423 3356 468 3405 das
476 3356 616 3406 Demonstr.
662 3363 836 3410 censentur—t
853 3357 886 3407 ib.
899 3360 994 3414 111οι
1009 3365 1175 3424 quentomeius

109 3440 136 3471 eo
153 3422 227 3477 steht,
249 3421 348 3472 hindert
364 3422 447 3473 solclre
466 3423 619 3475 Wiederlto·
661 3429 707 3477 olm
714 3432 764 3490 sore
773 3432 899 3490 putamus?
911 3441 947 3474 or.
957 3425 1172 3491 pr.Scaur.§.43:

108 3487 169 3549 lung
196 3488 276 3545 nicht,
303 3490 356 3549 ,wie
383 3490 488 3542 demand
512 3493 621 3555 gomeiut
663 3511 730 3558 quom
747 3497 814 3545 oolde
833 3513 881 3544 eom
895 3504 1001 3558 putemus
1018 3498 1154 3545 coemisse?

74 3596 78 3609 ,
110 3556 160 3604 hat.
197 3555 254 3618 Vgl.
276 3557 348 3607 Caes.
368 3557 397 3608 B.
419 3560 448 3610 G.
470 3560 488 3618 Ι,
518 3563 558 3618 49,
588 3564 616 3611 1:
696 3554 745 3614 33-
767 3562 807 3611 91.
825 3566 960 3623 memoriter,
981 3560 1054 3616 nicht,
1071 3559 1121 3608 wie
1133 3575 1176 3622 ge-

108 3628 171 3675 ultro
189 3643 240 3676 eum
257 3628 339 3688 locum,
359 3645 403 3692 quo
422 3633 446 3680 in
458 3632 620 3681 tocodermaut
662 3625 786 3677 wdhnlich
804 3628 901 3678 erkliirt
918 3628 998 3685 wird,
1034 3642 1089 3675 aus
1107 3627 1176 3677 dem

110 3696 266 3743 consederent.
303 3690 354 3742 Cic.
375 3693 400 3742 in
419 3695 491 3748 Catil.
512 3695 553 3753 ΙΙΙ,
577 3699 616 3755 10,
664 3693 911 3752 Gediiclrtniss,
956 3695 1064 3744 sondern
1107 3696 1176 3746 mit

111 3761 157 3810 25:
185 3765 210 3812 in
233 3765 522 3827 locantemuuotello,
553 3769 619 3831 quale
664 3771 788 3814 trcuem
815 3762 1055 3821 chdchtniss,
1093 3764 1175 3813 ohne

110 3831 201 3879 tellum.
219 3843 257 3893 pr.
274 3827 371 3878 Cluent.
387 3830 505 3883 cotun.
526 3836 565 3883 lec
582 3851 616 3895 ea,
661 3830 773 3881 Etwas
791 3845 974 3892 vergessen
993 3846 1029 3879 zu
1054 3831 1172 3882 hohen:

109 3914 155 3961 ooo
173 3900 228 3961 leye.
264 3895 363 3949 coemo
381 3895 414 3945 ib.
436 3899 476 3957 57,
499 3899 572 3950 156..
660 3899 757 3950 welche
765 3897 1019 3962 Bedeutungllladvig
1030 3915 1061 3949 zu
1073 3899 1125 3950 Cic.
1143 3901 1174 3949 de

141 3970 267 4029 putamus?
296 3964 379 4027 Sollcn
397 3963 447 4014 wir
464 3972 532 4014 ctwa
549 3965 618 4028 glan·
661 3967 733 4017 utun.
752 3983 777 4032 p.
799 3968 831 4018 74
847 3965 971 4017 erwieseu
989 3967 1040 4018 hut.
