2640 4418
121 287 162 349 60
481 294 525 345 DE
544 293 680 362 NATURA
700 294 848 345 DEORUM.

24 491 28 501 ,
122 441 262 513 omnibus
286 449 407 528 paribus
429 449 512 527 paria
533 449 746 526 respondeant.
790 449 874 509 Hanc
896 440 1069 528 ἰσονομίαν
1091 449 1196 527 appel-

30 601 33 606 ,
120 538 163 598 lat
183 536 349 614 Epicurus,
379 533 409 594 id
438 530 692 611 estaequabilem
716 532 919 594 tributionem.
961 533 1004 592 Ex
1027 533 1084 592 bac
1106 533 1197 611 igitur

120 620 194 681 illud
216 619 354 699 efficitur,
377 617 404 677 si
426 617 596 677 mortalium
613 624 693 679 tanta
703 617 860 678 multitudo
876 618 923 689 sit,
946 636 1015 679 esse
1037 617 1195 678 immorta-

119 705 193 765 lium
216 722 276 764 non
292 703 449 776 minorem,
472 709 502 762 et
517 701 556 773 oi,
580 719 656 780 quae
670 701 851 772 interimant,
874 700 1105 762 innumerabilia
1124 703 1197 775 sint,

122 790 211 850 etiarn
234 807 278 861 ea,
303 806 377 866 quae
401 793 587 858 conservent,
610 784 807 847 infinitaesso
828 784 948 846 debere.
991 785 1030 846 Et
1051 804 1197 864 quaerere

15 937 18 945 f
123 871 266 943 anobis,
296 871 404 942 Balbe,
419 920 422 925 .
438 869 559 940 soletis,
589 888 664 948 quae
686 869 746 929 vita
769 870 894 931 deorum
928 869 968 930 sit
997 888 1134 948 quaeque
1158 869 1195 930 ab

78 966 106 1016 51
123 957 161 1018 iis
184 957 307 1034 degatur
329 963 422 1017 aetas.
464 955 507 1014 Ea
531 952 760 1032 uidelicet,'qua
784 954 858 1014 nibil
879 954 1008 1026 beatius,
1031 952 1108 1015 nihil
1130 972 1196 1015 om-

121 1041 210 1103 nibus
241 1040 331 1101 bonis
365 1038 536 1099 affluentius
570 1038 694 1114 cogitari
732 1046 843 1116 potest.
887 1039 968 1098 Nihil
1002 1039 1082 1099 enim
1115 1037 1193 1116 agit:

120 1124 211 1187 nullis
235 1122 483 1203 occupationibus
506 1130 553 1183 est
573 1121 752 1200 implicatus,
778 1122 857 1183 nulla
879 1141 971 1201 opora
984 1122 1117 1194 molitur,
1140 1141 1195 1183 sua

122 1209 269 1288 sapientia
292 1215 322 1268 et
344 1207 450 1268 virtute
470 1208 595 1284 gaudet3
617 1204 709 1266 babet
721 1206 918 1284 exploratum,
941 1207 1006 1268 lore
1029 1225 1062 1271 se
1077 1224 1199 1284 semper
1303 1266 1306 1275 ,

64 1288 110 1359 20
126 1312 217 1372 quum
250 1292 283 1353 in
317 1291 452 1368 maximis
489 1298 551 1349 tum
599 1289 631 1350 in
671 1290 802 1350 aeternis
845 1289 1057 1370 voluptatibus.
1110 1289 1198 1350 Hunc
1303 1334 1306 1347 .

78 1386 108 1436 52
123 1379 211 1438 deum
233 1378 291 1437 rite
312 1376 432 1437 beatum
455 1374 633 1447 dixerimus,
667 1375 891 1448 restrum'vero
913 1374 1196 1437 laboriosissimum.

23 1526 27 1533 ἱ
121 1463 191 1524 Sive
227 1461 307 1522 enim
340 1460 408 1538 ipse
438 1459 566 1519 mundus
603 1458 677 1519 deus
699 1469 763 1531 σοι.
789 1459 861 1537 quid
882 1467 984 1538 potest
1006 1477 1075 1520 esse
1096 1458 1197 1523 minus
1284 1492 1306 1536 A:

63 1585 73 1601 .·
122 1545 266 1625 quietum,
290 1562 378 1622 quam
400 1542 481 1603 nullo
504 1550 616 1621 puncto
638 1543 781 1621 temporis
804 1544 978 1604 intermisso
1000 1543 1113 1605 versari
1137 1542 1197 1603 oir—
1303 1602 1306 1607 .

123 1646 190 1691 oum
218 1646 303 1689 axem
333 1627 408 1688 caeli
437 1626 604 1687 admirabili
628 1624 804 1688 eeleritate?
837 1628 897 1688 nisi
932 1628 1063 1706 quietum
1086 1635 1194 1699 autem,
1302 1644 1305 1659 ¹

11 1762 15 1778 .
121 1713 196 1775 nihil
213 1713 333 1774 beatum
356 1720 416 1772 est:
440 1710 502 1771 sive
526 1712 556 1771 in
579 1711 646 1789 ipso
669 1713 781 1772 mundo
804 1712 878 1773 deus
900 1712 980 1772 inest
1001 1711 1118 1791 aliquis
1142 1711 1195 1789 qui
1302 1718 1305 1731 '

120 1804 213 1876 regat,
238 1797 288 1876 qui
312 1795 466 1873 gubernet,
490 1795 540 1873 qui
565 1813 676 1875 cursus?
693 1804 852 1863 astrorum,
876 1796 1055 1858 mutationes
1076 1801 1196 1873 tempo·

120 1901 196 1953 rum,
228 1899 329 1942 rerum
362 1879 585 1941 vicissitudines
620 1879 802 1958 ordinesque
836 1887 1010 1954 conservet,
1045 1887 1140 1941 terras
1164 1887 1196 1941 et

120 1964 214 2027 maria
236 1966 443 2044 contemplans
464 1965 618 2024 hominum
640 1964 797 2037 commoda
819 1965 955 2044 vitasque
977 1973 1110 2026 tueatur:
1139 1982 1197 2024 uae

77 2061 107 2111 53
121 2050 172 2111 ille
190 2058 240 2111 est
261 2046 431 2127 implicatus
454 2047 590 2108 molestis
612 2048 741 2124 negotiis
764 2056 793 2109 et
814 2047 968 2128 operosis!
1003 2048 1074 2110 'Nos
1097 2055 1196 2108 autem

119 2135 237 2196 beatam
270 2134 358 2193 vitam
391 2133 424 2191 in
457 2132 547 2192 animi
582 2132 742 2192 securitate
773 2142 803 2194 et
830 2133 861 2193 in
885 2133 1019 2195 omnium
1042 2131 1197 2194 vacatione

120 2235 277 2279 munerum
298 2217 449 2295 ponimus.
492 2216 601 2276 Docuit
621 2215 700 2276 enim
732 2235 789 2276 nos
817 2217 898 2278 idem
921 2218 971 2297 qui
994 2225 1109 2294 cetera,
1142 2235 1197 2276 na-

121 2309 186 2363 tura
209 2303 350 2362 effectum
373 2320 442 2361 esse
465 2300 622 2362 muudum:
658 2298 732 2360 nihil
757 2320 832 2380 opus
855 2302 950 2363 luisse
973 2301 1096 2382 lubrica,
1120 2308 1196 2361 tam-

23 2416 26 2429 ·
122 2404 179 2465 que
203 2404 267 2447 eam
291 2404 353 2445 rem
368 2404 436 2445 esse
449 2383 578 2455 facilem,
603 2403 690 2462 quam
712 2385 857 2447 voselfioi
874 2386 991 2464 negatis
1006 2386 1072 2446 sine
1095 2384 1196 2445 diuina

120 2488 213 2550 posse
242 2469 390 2541 sollertia,
422 2477 455 2529 ut
484 2468 718 2529 innumerabiles
752 2479 856 2530 natura
888 2471 1016 2532 mundos
1052 2471 1196 2532 ellectura
1281 2537 1285 2547 ‚

121 2553 176 2624 sit,
211 2552 337 2625 efficiat,
369 2553 522 2614 effecerit.
579 2552 665 2624 Quod
690 2553 765 2630 -quia
807 2555 1058 2632 quemadmodum
1091 2562 1197 2614 natura

123 2638 243 2698 allicere
265 2639 331 2698 sine
354 2637 564 2715 aliquameute
576 2637 684 2714 possit,
707 2655 767 2727 non
791 2634 919 2725 videtisq
938 2647 970 2699 ut
993 2637 1098 2716 tragici
1120 2655 1195 2716 poe·

114 2784 121 2803 t
159 2772 189 2822 51
208 2773 292 2834 Bolbe,
314 2770 406 2832 soletis,
436 2770 459 2818 d.
488 2770 511 2819 b.
532 2767 572 2819 Du
590 2770 639 2819 und
718 2770 759 2820 53.
779 2779 876 2828 natura,
903 2771 1001 2829 blind‘e,
1029 2767 1226 2821 bemusstlosm

124 2837 165 2887 dio
183 2837 321 2899 Deiuigeu:
353 2837 403 2886 wie
428 2837 458 2886 de
479 2836 521 2887 Or.
548 2836 566 2895 Ι,
596 2840 635 2895 35,
682 2833 841 2896 Naturkrall,
863 2839 913 2888 wie
932 2855 953 2888 o.
977 2840 1015 2896 13.
1036 2839 1077 2890 35.
1108 2835 1199 2886 Uebri·

125 2907 189 2957 160:
212 2911 272 2965 Quid
290 2913 341 2956 ortt
373 2909 444 2968 Cotto)
465 2910 521 2972 quid
540 2911 657 2957 tacetist‘
683 2919 744 2966 gens
762 2905 811 2967 vgl.
833 2905 874 2955 dio
891 2906 962 2956 Anm.
992 2921 1025 2955 zu
1047 2919 1069 2954 o.
1090 2905 1130 2962 tt.
1152 2905 1196 2955 67.
1266 2907 1269 2915 ’

123 2973 195 3035 Virg.
216 2975 277 3023 Aen.
287 2971 332 3030 ΙΧ,
348 2974 413 3024 525:
438 2977 487 3035 Vos,
503 2976 637 3039 odolliope,
717 2977 1007 3026 innumerabilesmundos.
1025 2971 1073 3022 Die
1083 2970 1195 3030 Grdndo,
1263 3009 1267 3013 .

122 3058 204 3157 ills
228 3039 635 3172 lillll'lulllll‘luTllfflll'
681 3038 1199 3158 tillttlltttlllllttlt

125 3178 184 3232 oola,
204 3193 245 3239 per
262 3178 346 3225 undas.
681 3175 775 3224 oratius
793 3175 864 3225 lesen
880 3174 916 3234 ΙΙ,
941 3175 1005 3225 1052
1023 3173 1048 3222 ff.
1082 3173 1125 3223 Sie
1142 3172 1198 3222 luu-

158 3245 217 3293 nibil
242 3245 302 3292 enim
326 3246 380 3306 opit.
416 3241 475 3292 Mau
500 3249 638 3292 erwarteto
682 3241 724 3291 len
741 3257 781 3292 om
799 3243 871 3292 Eudo
888 3241 951 3292 aber
967 3257 1015 3292 nur
1033 3242 1127 3291 duraul
1143 3240 1198 3290 bin-

125 3318 203 3374 opunt.
222 3309 291 3357 Aber
309 3309 408 3358 soleber
425 3309 574 3372 Uebergaug
590 3325 640 3358 von
682 3324 734 3367 aus.
757 3310 815 3360 dass
833 3311 887 3361 sich
903 3310 949 3360 das
963 3308 1111 3372 Gegentbeil
1128 3307 1198 3359 nicht

48 3367 51 3382 '
125 3375 212 3427 Plural
240 3391 295 3424 zum
325 3376 454 3440 Singulae,
486 3393 559 3426 wenu
590 3392 639 3426 von
683 3377 809 3428 erweisen
827 3378 898 3428 llisst.
1101 3378 1103 3382 ’

125 3444 269 3506 Gattungen
286 3443 327 3492 die
337 3444 407 3494 llede
422 3444 463 3502 ist,
484 3444 575 3494 ebeuso
588 3444 638 3493 wie
715 3457 741 3497 ut
759 3451 842 3511 tropici
855 3455 938 3513 poetae
956 3453 997 3498 etc.
1022 3442 1103 3495 Wobl
1114 3440 1198 3493 Neob—

125 3513 171 3562 dor
189 3511 422 3574 Umgekebrteyou
440 3511 558 3574 Singular
583 3527 639 3561 zum
682 3511 789 3574 ubrnuug
812 3513 883 3563 einer
908 3511 1083 3570 Plutonisclten
1107 3508 1195 3569 stello,

124 3579 224 3637 Plural,
256 3579 290 3628 ist
313 3579 396 3640 biiufig
420 3579 468 3627 und
497 3579 574 3629 loiobt
596 3580 640 3629 be·
684 3574 781 3645 eruent..
800 3596 825 3645 p.
845 3582 895 3633 425
914 3579 950 3629 b:
979 3573 1070 3645 ὥσπερ
1089 3571 1118 3628 ot‘
1132 3593 1198 3644 zpo-

125 3647 246 3709 qreitlicb.
276 3645 301 3696 S.
323 3654 397 3696 uuten
416 3661 437 3694 c.
459 3648 499 3704 36,
518 3650 574 3698 tot.
595 3647 635 3704 38,
681 3643 843 3712 yqrdonocoi,
863 3642 974 3699 ἐπειδάν
991 3662 1018 3697 τι
1041 3640 1196 3712 ἀπορῶσιν,

127 3716 183 3766 106.
204 3716 244 3772 41,
269 3716 324 3764 113.
348 3717 404 3765 114.
682 3708 726 3763 ἐπὶ
750 3710 798 3767 τὰς
824 3711 949 3782 μηχανὰς
978 3709 1196 3781 καταφεύγουσι,

96 3808 108 3816 “
160 3779 212 3838 20.
234 3783 274 3832 52.
294 3785 468 3833 vicissitudines
491 3784 637 3845 ordinesque,
681 3776 763 3834 θεοὺς
780 3775 910 3849 αἴροντες.
948 3781 996 3832 Die
1021 3779 1199 3844 uugescbiokto

95 3867 103 3879 κ
125 3864 146 3898 s.
165 3864 191 3899 v.
211 3847 249 3898 als
268 3865 389 3914 eorumque
407 3852 508 3911 ordines)
528 3847 591 3897 oder
604 3852 639 3899 oi·
681 3849 846 3912 Anwendung
864 3851 933 3900 eines
951 3850 1013 3899 deus
1033 3864 1065 3898 ex
1082 3846 1199 3899 machina

126 3920 417 3980 eissitudinerordinotoo,
432 3914 469 3965 uls
481 3915 635 3982 llendiudys.
680 3915 824 3980 missbilligt
841 3919 904 3968 auch
928 3917 1012 3967 lloraz
1035 3916 1066 3966 Δ.
1086 3915 1115 3965 Ρ..
1137 3917 1196 3968 191.
