2640 4418
1197 214 1216 247 Χ

482 338 814 391 mufflmm
1120 322 1269 410 lffl'

110 513 188 555 nem.
222 494 288 554 Huc
303 493 379 554 adde
395 511 514 564 nervos,
537 492 678 572 aquibus
695 501 776 553 artus
792 492 992 567 continentur,
1016 512 1179 573 eorumque

111 578 345 656 implicationem
374 584 438 638 toto
463 594 589 654 corpore
604 573 833 654 pertinentem:
865 577 915 654 qui
938 578 1017 638 sicut
1038 596 1130 639 venae
1152 587 1183 638 et

111 663 238 739 arteriae
262 680 277 722 a
298 660 391 722 corde
413 661 501 721 tracti
525 668 552 722 el
576 660 705 738 proiecti
723 660 752 720 in
776 679 886 739 corpus
909 681 998 723 omne
1021 661 1178 723 ducuntur.

108 746 253 824 Adlranc
274 744 494 824 providentiam
515 751 639 805 naturae
662 752 721 804 tam
743 745 916 822 diligentem
929 754 1048 824 tamque
1070 745 1175 807 soller·
1193 743 1236 811 56

109 838 168 890 tem
192 829 312 906 adiungi
345 830 437 890 multa
474 835 610 907 possunt,
648 827 796 906 equibus
829 829 1027 906 intelligatur,
1050 843 1177 908 quantae
1193 839 1237 890 140

109 930 157 973 res
179 913 353 974 hominihus
375 932 391 973 a
414 911 483 985 diis,
521 930 669 991 quamque
706 913 832 973 eximiae
863 912 992 974 tributae
1014 913 1089 974 sint:
1129 914 1179 994 qui

109 997 238 1075 primum
268 1016 321 1058 eos
349 998 440 1057 humo
471 997 614 1057 excitatos
637 996 735 1059 celsos
758 1004 787 1057 et
809 1005 926 1058 erectos
949 997 1177 1071 constituerunt,

109 1092 141 1141 ut
170 1082 295 1142 deorum
332 1080 535 1156 cognitionem
568 1080 683 1142 caelum
716 1081 866 1141 intuentes
900 1099 1008 1160 capere
1044 1091 1179 1161 possent.

51 1201 54 1205 ,
108 1162 185 1226 Su'nt
206 1165 286 1246 enim
309 1172 420 1225 eterra
442 1165 590 1238 homines,
614 1183 674 1225 non
690 1173 722 1224 ut
743 1165 860 1226 incolae
884 1161 972 1243 a'tque
984 1166 1177 1241 habitatores,

107 1250 161 1310 sed
185 1249 271 1327 quasi
308 1256 493 1327 spectatores
528 1267 705 1392 sugerarum
739 1267 838 1310 rerum
876 1260 963 1327 atque
993 1250 1176 1324 caelestium,

107 1351 232 1411 quarum
255 1332 457 1410 spectaculum
479 1333 516 1394 ad
540 1351 558 1392 n
582 1334 652 1394 llum
675 1332 754 1393 aliud
777 1351 871 1410 genus
894 1333 1087 1395 animantium
1110 1352 1179 1412 per·

51 1426 69 1482 “,
106 1417 192 1477 tinet.
237 1417 351 1478 Sensus
374 1425 487 1488 autem,
511 1416 690 1496 interpretes
714 1436 748 1477 ac
770 1417 865 1478 nuntii
889 1424 1008 1489 rernm,1
1027 1417 1058 1477 in
1081 1418 1202 1496 capite

108 1508 257 1578 tamquam
292 1500 323 1560 in
359 1499 593 1587 arcemirificq
610 1502 645 1561 ad
669 1520 742 1562 usus
778 1503 966 1563 necessarios
1005 1509 1035 1562 et
1056 1501 1126 1562 lacti
1149 1511 1180 1562 et

108 1583 246 1644 collocati
269 1593 348 1645 sunt.
392 1585 467 1645 Nam
489 1585 568 1645 oculi
593 1593 747 1663 tamquam
770 1585 975 1664 speculatores
999 1585 1176 1647 altissimum

63 1703 66 1707 .
106 1667 206 1728 locum
222 1667 374 1741 obtinent,
397 1687 433 1729 ex
455 1686 514 1747 quo
536 1668 664 1747 plurima
689 1669 910 1747 conspicientes
939 1671 1105 1746 longantur
1123 1688 1180 1731 suo.

105 1771 239 1813 munere.
281 1752 320 1812 Et
342 1770 445 1823 aures,
468 1733 559 1830 quium
581 1770 688 1813 sonum
710 1753 866 1831 percipere
889 1754 1026 1826 debeant,
1050 1754 1101 1833 qui
1123 1774 1175 1816 na·
1191 1766 1232 1816 141

106 1844 172 1896 tura
195 1835 322 1897 sublime
345 1837 454 1907 lentur,
482 1843 564 1897 recte
586 1835 616 1896 in
645 1836 713 1896 altis
745 1855 904 1915 corporum
926 1838 1062 1916 partibus
1085 1838 1177 1899 collo-

51 1993 56 1998 ·
106 1926 193 1981 catae'
213 1929 291 1980 sunt.
330 1920 469 1999 ltemque
491 1938 597 1993 nares,
626 1939 665 1987 ¹eo
689 1920 768 1998 quod
791 1921 889 1980 omnis
913 1920 1046 1981 odorae
1069 1922 1179 2000 supera
1276 1974 1281 1981 ,

105 2005 209 2076 lemur,
232 2015 314 2065 recte
337 2023 456 2065 sursum
478 2011 618 2065 suntret
641 2004 719 2082 quod
737 2002 802 2071 ‚cibi
826 2013 857 2064 et
878 2004 1011 2082 potionis
1035 2000 1182 2066 iudicium
1212 2012 1215 2026 '

104 2106 244 2166 magnum
268 2107 369 2149 earum
391 2100 446 2159 est,
469 2088 619 2149 nonsine
640 2106 746 2148 caussa
768 2087 951 2173 vicinitatem
974 2089 1036 2149 oris
1059 2095 1180 2151 secutae

106 2184 185 2233 sunt.
228 2173 458 2250 lam-gustatus,
482 2172 531 2252 qui
556 2173 670 2233 sentire
699 2190 802 2233 eorum
826 2171 934 2254 quibus
956 2172 1106 2233 vescimur
1127 2183 1177 2255 ge-

104 2275 176 2317 nera
199 2256 298 2330 debet,
319 2256 434 2317 habitat
455 2256 486 2316 in
510 2275 544 2317 ea
567 2264 652 2336 parte
674 2257 751 2328 cris,
775 2275 830 2334 qua
854 2256 1016 2317 esculentis
1039 2262 1178 2335 elpotu-

104 2339 194 2400 lentis
209 2340 280 2401 iter
301 2348 405 2401 natura
438 2341 590 2418 patefecit.
634 2340 745 2401 Tactus
768 2346 865 2399 aulem
889 2346 952 2400 toto
976 2357 1104 2417 corpore
1126 2358 1176 2400 ao·

105 2422 267 2501 quabiliter
302 2424 387 2484 lusus
422 2431 478 2496 cst,
514 2431 548 2483 ut
570 2442 674 2484 omnes
697 2423 774 2483 ictus
797 2423 1179 2503 omnesque·minimos'et

105 2507 227 2585 frigoris
252 2515 281 2568 et
303 2506 413 2568 caloris
436 2507 579 2586 appulsus
602 2507 715 2568 sentire
737 2507 904 2586 possimus:
945 2510 1058 2586 Atque,
1091 2507 1177 2568 utin

140 2675 195 2724 139.
218 2677 257 2739 qui
274 2698 307 2711 —
326 2692 340 2726 c
357 2678 426 2726 corde
443 2679 518 2726 trosti.
553 2673 618 2724 Dass
695 2690 707 2724 e
733 2681 794 2724 tenc
817 2678 967 2725 homines-·
1002 2671 1054 2722 Des
1078 2687 1110 2722 an
1134 2673 1174 2722 die

105 2739 145 2790 die
163 2738 265 2790 Nerven
282 2755 339 2789 vom
352 2741 451 2790 llerzen
469 2741 614 2804 ausgingen
661 2739 746 2804 Spitze
764 2739 880 2800 gestellte
899 2749 981 2791 eterra
990 2747 1061 2804 passt
1078 2740 1175 2801 cigent-

70 2809 72 2819 ’
103 2806 242 2868 widerlegt·
257 2806 378 2871 elrenlells
393 2806 473 2873 Q
490 2808 527 2857 als
545 2808 619 2857 einen
659 2805 709 2855 liclr
727 2820 775 2855 nur
792 2821 823 2854 zu
842 2806 898 2855 dem
916 2806 948 2855 im
966 2807 1073 2856 zweiten
1086 2806 1174 2856 Gliede

103 2889 152 2923 von
175 2873 278 2932 Vielen,
308 2875 370 2923 cuch
395 2888 445 2922 von
467 2873 618 2924 Aristoteles
661 2872 794 2934 folgenden
812 2882 965 2938 spectatores,
984 2887 1040 2922 was
1059 2874 1115 2921 dem
1133 2871 1174 2921 Ci-

105 2941 227 3002 gelregten
244 2938 359 2998 lrrtlrnm
380 2940 406 2988 in
430 2939 475 2989 der
493 2940 564 2989 Scir.
585 2942 616 2989 dc
661 2954 727 2995 cero,
745 2937 787 2991 [als
800 2939 888 2988 erden
901 2937 1076 2999 Satzbegcnu,
1098 2940 1173 2988 scion

105 3007 222 3073 Hippocr.
244 3013 270 3055 et
286 3006 351 3056 Plat.
372 3007 453 3067 dogm.
474 3005 517 3055 lib.
538 3005 557 3055 1.
581 3006 616 3056 Es
659 3004 850 3062 vorschwehte,
874 3019 922 3055 vor
938 3005 1048 3069 welches
1066 3020 1096 3055 er
1112 3006 1175 3056 aber

104 3074 356 3131 heissenabernerci,
376 3073 426 3123 wie
442 3073 533 3140 νεῦρα,
554 3074 617 3122 auch
661 3071 733 3130 daun,
755 3069 1090 3134 des‘Gegcnsatzeswegen,
1111 3075 1172 3123 noch

105 3142 145 3192 die
163 3141 283 3191 Fleclrsen
301 3141 351 3189 nnd
370 3140 481 3197 Schnen.
501 3143 615 3202 'lendicos
661 3138 706 3188 dos
730 3139 847 3201 negative
865 3137 938 3188 Glied
966 3158 1017 3191 non·
1036 3150 1061 3191 ut
1083 3144 1173 3192 incolae

103 3205 256 3276 σὺιςδεσμα,
287 3210 336 3257 und
363 3208 387 3257 in
419 3208 512 3257 diesem
541 3205 621 3256 Sinne*
660 3233 694 3243 -
712 3205 838 3256 einsclrob.

104 3284 162 3338 ΙΨ
178 3275 315 3326 hierem*
335 3293 425 3339 'mm’
445 3293 460 3327 α
477 3279 560 3343 quim
578 3292 617 3325 Μ’
668 3345 671 3351 ‚
696 3307 753 3357 141.
774 3310 886 3358 iudicium
906 3325 1013 3372 magnum
1036 3323 1113 3358 eorum
1131 3317 1173 3357 est.

104 3348 371 3463 wsfflmiffigmr‘gp
567 3412 571 3420 .
638 3370 724 3430 ⁹..ll1r
740 3372 838 3422 Urtlreil
855 3373 888 3423 ist
904 3389 953 3422 von
972 3370 1173 3442 grosserWiclr-

185 3412 1057 3502 ··⁰mwmmmwmmwa

58 3514 63 3524 .
104 3475 420 3543 Ahgelrfirzterrlusdruck
432 3474 487 3525 lrir:
508 3478 538 3526 od
552 3479 615 3536 loeo,
690 3520 693 3525 ,

105 3561 164 3608 quoe
182 3546 210 3595 de
224 3546 371 3608 providentio
388 3547 447 3593 dici.
694 3558 816 3606 omnesque
849 3545 971 3592 minimos·
990 3568 1022 3578 —
1053 3544 1172 3607 appulsus.
1193 3558 1198 3566 ·

139 3614 207 3661 inmo
225 3613 337 3660 excitatos
355 3619 397 3661 etc.
420 3607 478 3670 Vgl.
493 3607 614 3670 deLegg.
660 3605 744 3664 ,‚olle‚
782 3607 861 3657 selbst
890 3607 930 3656 die
963 3607 1088 3658 kleinsten
1113 3605 1172 3656 Ein-

104 3674 124 3732 1,
145 3677 169 3733 9.
191 3676 238 3726 26:
259 3693 399 3742 numqaum
417 3680 618 3727 ceterosocimon-
662 3673 790 3723 drdole.¹‘
824 3673 881 3736 Vgl.
911 3674 974 3723 oben
1002 3672 1020 3731 Ι,
1052 3675 1092 3732 24,
1123 3675 1169 3724 67:

103 3753 139 3794 ter
156 3743 259 3803 (acturo)
278 3747 398 3794 miscent
416 3746 446 3794 od
459 3751 559 3808 postam,
579 3759 618 3793 eo·
661 3745 768 3792 omnibus
795 3746 896 3793 minlrnis
926 3750 1050 3807 temporum
1072 3745 1172 3807 punctis.
1271 3753 1273 3758 ’

105 3813 153 3861 lom
171 3813 374 3872 hominemerecit,
394 3812 619 3876 odcocliquequcsi
662 3806 704 3865 ΙΙΙ,
725 3809 765 3866 35,
787 3809 834 3860 86:
866 3813 942 3860 omnio
967 3811 1062 3859 minimo
1085 3816 1171 3859 curant.
1200 3852 1205 3865 ,

105 3881 249 3941 cognationis
273 3879 430 3941 domiciliiqtto
450 3879 546 3941 pristini
563 3894 618 3928 oon-
662 3873 694 3923 de
711 3874 781 3924 mnu.
802 3875 833 3932 V,
855 3876 895 3933 29,
917 3876 964 3926 88:
990 3893 1031 3926 nec
1054 3878 1102 3926 ullo
1128 3879 1172 3927 nti.-

105 3954 206 4010 speclnm
223 3947 338 3996 recitarit.
661 3948 722 3996 nimo
739 3952 867 3995 momento..
