<?xml version="1.0" encoding="UTF-8"?>
<!DOCTYPE html PUBLIC "-//W3C//DTD XHTML 1.0 Transitional//EN"
    "http://www.w3.org/TR/xhtml1/DTD/xhtml1-transitional.dtd">
<html xmlns="http://www.w3.org/1999/xhtml" xml:lang="en" lang="en">
 <head>
  <title>
</title>
<meta http-equiv="Content-Type" content="text/html;charset=utf-8" />
  <meta name='ocr-system' content='tesseract 3.04.00' />
  <meta name='ocr-capabilities' content='ocr_page ocr_carea ocr_par ocr_line ocrx_word'/>
</head>
<body>
  <div class='ocr_page' id='page_1' title='image "./mtulliciceronis07cicegoog_0156.png"; bbox 0 0 2640 4418; ppageno 0'>
   <div class='ocr_carea' id='block_1_1' title="bbox 443 338 1175 406">
    <p class='ocr_par' dir='ltr' id='par_1_1' title="bbox 443 338 1175 406">
     <span class='ocr_line' id='line_1_1' title="bbox 443 338 1175 406; baseline 0.003 -2"><span class='ocrx_word' id='word_1_1' title='bbox 443 353 505 404; x_wconf 79' lang='lat' dir='ltr'><strong>nin.</strong></span> <span class='ocrx_word' id='word_1_2' title='bbox 525 353 556 405; x_wconf 89' lang='lat'><strong>11.</strong></span> <span class='ocrx_word' id='word_1_3' title='bbox 579 352 650 404; x_wconf 76' lang='lat' dir='ltr'><strong>ene.</strong></span> <span class='ocrx_word' id='word_1_4' title='bbox 671 355 712 405; x_wconf 81' lang='lat' dir='ltr'><strong>u.</strong></span> <span class='ocrx_word' id='word_1_5' title='bbox 735 356 775 405; x_wconf 86' lang='lat'><strong>35.</strong></span> <span class='ocrx_word' id='word_1_6' title='bbox 797 356 838 406; x_wconf 84' lang='lat' dir='ltr'><strong>ee.</strong></span> <span class='ocrx_word' id='word_1_7' title='bbox 1114 338 1175 406; x_wconf 69' lang='lat'><strong>[45</strong></span> 
     </span>
    </p>
   </div>
   <div class='ocr_carea' id='block_1_2' title="bbox 98 506 1259 757">
    <p class='ocr_par' dir='ltr' id='par_1_2' title="bbox 98 506 1259 757">
     <span class='ocr_line' id='line_1_2' title="bbox 103 506 1259 591; baseline 0 -20"><span class='ocrx_word' id='word_1_8' title='bbox 103 520 154 571; x_wconf 90' lang='lat' dir='ltr'><strong>tur</strong></span> <span class='ocrx_word' id='word_1_9' title='bbox 174 508 243 588; x_wconf 88' lang='lat' dir='ltr'><strong>plus</strong></span> <span class='ocrx_word' id='word_1_10' title='bbox 266 508 394 569; x_wconf 86' lang='lat' dir='ltr'><strong>valuisse</strong></span> <span class='ocrx_word' id='word_1_11' title='bbox 415 506 447 568; x_wconf 95' lang='lat' dir='ltr'><strong>in</strong></span> <span class='ocrx_word' id='word_1_12' title='bbox 469 507 623 569; x_wconf 74' lang='lat' dir='ltr'>imitandis</span> <span class='ocrx_word' id='word_1_13' title='bbox 646 507 793 586; x_wconf 78' lang='lat' dir='ltr'>sphaerae</span> <span class='ocrx_word' id='word_1_14' title='bbox 817 506 1064 569; x_wconf 79' lang='lat' dir='ltr'><strong>conversionibus</strong></span> <span class='ocrx_word' id='word_1_15' title='bbox 1087 527 1177 591; x_wconf 90' lang='lat' dir='ltr'><strong>quam</strong></span> <span class='ocrx_word' id='word_1_16' title='bbox 1251 553 1259 571; x_wconf 94' lang='lat'><strong>.</strong></span> 
     </span>
     <span class='ocr_line' id='line_1_3' title="bbox 98 591 1177 671; baseline 0 -17"><span class='ocrx_word' id='word_1_17' title='bbox 98 601 239 655; x_wconf 89' lang='lat' dir='ltr'><strong>naturam</strong></span> <span class='ocrx_word' id='word_1_18' title='bbox 262 591 294 654; x_wconf 92' lang='lat' dir='ltr'><strong>in</strong></span> <span class='ocrx_word' id='word_1_19' title='bbox 315 591 493 666; x_wconf 87' lang='lat' dir='ltr'><strong>ellioiendis,</strong></span> <span class='ocrx_word' id='word_1_20' title='bbox 516 592 695 671; x_wconf 87' lang='lat' dir='ltr'><strong>praesertim</strong></span> <span class='ocrx_word' id='word_1_21' title='bbox 719 610 810 670; x_wconf 91' lang='lat' dir='ltr'><strong>quum</strong></span> <span class='ocrx_word' id='word_1_22' title='bbox 832 593 933 653; x_wconf 85' lang='lat' dir='ltr'><strong>multis</strong></span> <span class='ocrx_word' id='word_1_23' title='bbox 956 592 1092 671; x_wconf 88' lang='lat' dir='ltr'><strong>partibus</strong></span> <span class='ocrx_word' id='word_1_24' title='bbox 1115 594 1177 654; x_wconf 85' lang='lat' dir='ltr'><strong>sint</strong></span> 
     </span>
     <span class='ocr_line' id='line_1_4' title="bbox 104 675 1221 757; baseline 0.002 -19"><span class='ocrx_word' id='word_1_25' title='bbox 104 678 156 739; x_wconf 82' lang='lat' dir='ltr'><strong>illu</strong></span> <span class='ocrx_word' id='word_1_26' title='bbox 177 678 318 757; x_wconf 77' lang='lat' dir='ltr'><strong>perlecta,</strong></span> <span class='ocrx_word' id='word_1_27' title='bbox 343 694 431 755; x_wconf 91' lang='lat' dir='ltr'><strong>quam</strong></span> <span class='ocrx_word' id='word_1_28' title='bbox 446 677 522 738; x_wconf 88' lang='lat' dir='ltr'><strong>haee</strong></span> <span class='ocrx_word' id='word_1_29' title='bbox 543 676 691 748; x_wconf 87' lang='lat' dir='ltr'><strong>simulata,</strong></span> <span class='ocrx_word' id='word_1_30' title='bbox 714 675 877 738; x_wconf 82' lang='lat' dir='ltr'><strong>sollertius.</strong></span> <span class='ocrx_word' id='word_1_31' title='bbox 913 677 1003 756; x_wconf 76' lang='lat' dir='ltr'><strong>Atqui</strong></span> <span class='ocrx_word' id='word_1_32' title='bbox 1025 677 1076 738; x_wconf 86' lang='lat' dir='ltr'><strong>ille</strong></span> <span class='ocrx_word' id='word_1_33' title='bbox 1094 677 1174 757; x_wconf 87' lang='lat' dir='ltr'><strong>apud</strong></span> <span class='ocrx_word' id='word_1_34' title='bbox 1188 687 1221 740; x_wconf 81' lang='grc'><strong>89</strong></span> 
     </span>
    </p>
   </div>
   <div class='ocr_carea' id='block_1_3' title="bbox 103 760 1176 1012">
    <p class='ocr_par' dir='ltr' id='par_1_3' title="bbox 103 760 1176 1012">
     <span class='ocr_line' id='line_1_5' title="bbox 103 760 1176 841; baseline 0 -19"><span class='ocrx_word' id='word_1_35' title='bbox 103 761 222 828; x_wconf 83' lang='lat' dir='ltr'><strong>Attium</strong></span> <span class='ocrx_word' id='word_1_36' title='bbox 238 773 350 841; x_wconf 87' lang='lat' dir='ltr'><strong>pastor,</strong></span> <span class='ocrx_word' id='word_1_37' title='bbox 375 760 424 840; x_wconf 92' lang='lat' dir='ltr'><strong>qui</strong></span> <span class='ocrx_word' id='word_1_38' title='bbox 448 779 552 822; x_wconf 89' lang='lat' dir='ltr'><strong>navem</strong></span> <span class='ocrx_word' id='word_1_39' title='bbox 574 779 735 840; x_wconf 81' lang='lat' dir='ltr'><strong>numquam</strong></span> <span class='ocrx_word' id='word_1_40' title='bbox 757 768 826 822; x_wconf 88' lang='lat' dir='ltr'><strong>ante</strong></span> <span class='ocrx_word' id='word_1_41' title='bbox 846 761 987 834; x_wconf 88' lang='lat' dir='ltr'><strong>vidisset,</strong></span> <span class='ocrx_word' id='word_1_42' title='bbox 1017 771 1048 823; x_wconf 90' lang='lat' dir='ltr'><strong>ut</strong></span> <span class='ocrx_word' id='word_1_43' title='bbox 1069 762 1176 840; x_wconf 80' lang='lat' dir='ltr'><strong>procul</strong></span> 
     </span>
     <span class='ocr_line' id='line_1_6' title="bbox 103 845 1176 928; baseline 0.002 -22"><span class='ocrx_word' id='word_1_44' title='bbox 103 847 238 907; x_wconf 89' lang='lat' dir='ltr'><strong>divinum</strong></span> <span class='ocrx_word' id='word_1_45' title='bbox 260 853 290 908; x_wconf 87' lang='lat' dir='ltr'><strong>et</strong></span> <span class='ocrx_word' id='word_1_46' title='bbox 311 864 420 906; x_wconf 81' lang='lat' dir='ltr'><strong>novum</strong></span> <span class='ocrx_word' id='word_1_47' title='bbox 441 845 611 927; x_wconf 81' lang='lat' dir='ltr'><strong>vehiculum</strong></span> <span class='ocrx_word' id='word_1_48' title='bbox 626 846 861 922; x_wconf 73' lang='lat' dir='ltr'><strong>Argonautarum</strong></span> <span class='ocrx_word' id='word_1_49' title='bbox 884 864 902 906; x_wconf 93' lang='lat' dir='ltr'><strong>e</strong></span> <span class='ocrx_word' id='word_1_50' title='bbox 923 853 1025 907; x_wconf 87' lang='lat' dir='ltr'><strong>monte</strong></span> <span class='ocrx_word' id='word_1_51' title='bbox 1047 848 1176 928; x_wconf 83' lang='lat' dir='ltr'><strong>eonspe-</strong></span> 
     </span>
     <span class='ocr_line' id='line_1_7' title="bbox 103 929 1074 1012; baseline 0 -22"><span class='ocrx_word' id='word_1_52' title='bbox 103 930 156 1003; x_wconf 82' lang='lat' dir='ltr'><strong>xit,</strong></span> <span class='ocrx_word' id='word_1_53' title='bbox 179 929 276 1010; x_wconf 89' lang='lat' dir='ltr'><strong>primo</strong></span> <span class='ocrx_word' id='word_1_54' title='bbox 299 930 451 992; x_wconf 87' lang='lat' dir='ltr'><strong>admirans</strong></span> <span class='ocrx_word' id='word_1_55' title='bbox 474 939 503 990; x_wconf 91' lang='lat' dir='ltr'><strong>et</strong></span> <span class='ocrx_word' id='word_1_56' title='bbox 524 929 712 1012; x_wconf 86' lang='lat' dir='ltr'><strong>perterritus,</strong></span> <span class='ocrx_word' id='word_1_57' title='bbox 735 929 794 990; x_wconf 90' lang='lat' dir='ltr'><strong>hoe</strong></span> <span class='ocrx_word' id='word_1_58' title='bbox 815 929 904 989; x_wconf 91' lang='lat' dir='ltr'><strong>modo</strong></span> <span class='ocrx_word' id='word_1_59' title='bbox 926 929 1074 1009; x_wconf 89' lang='lat' dir='ltr'><strong>loquitur:</strong></span> 
     </span>
    </p>
   </div>
   <div class='ocr_carea' id='block_1_4' title="bbox 157 1029 1175 2035">
    <p class='ocr_par' dir='ltr' id='par_1_4' title="bbox 253 1029 1024 1103">
     <span class='ocr_line' id='line_1_8' title="bbox 253 1029 1024 1103; baseline 0.005 -16"><span class='ocrx_word' id='word_1_60' title='bbox 253 1083 256 1087; x_wconf 79' lang='lat'><strong>.</strong></span> <span class='ocrx_word' id='word_1_61' title='bbox 613 1061 655 1073; x_wconf 89' lang='lat'><em>—</em></span> <span class='ocrx_word' id='word_1_62' title='bbox 677 1033 764 1091; x_wconf 86' lang='lat' dir='ltr'><strong>tdnte</strong></span> <span class='ocrx_word' id='word_1_63' title='bbox 785 1029 877 1091; x_wconf 82' lang='lat' dir='ltr'><strong>moles</strong></span> <span class='ocrx_word' id='word_1_64' title='bbox 901 1030 1024 1103; x_wconf 83' lang='lat' dir='ltr'><strong>lu&#39;br&#39;tnr,</strong></span> 
     </span>
    </p>

    <p class='ocr_par' dir='ltr' id='par_1_5' title="bbox 175 1113 1175 1362">
     <span class='ocr_line' id='line_1_9' title="bbox 175 1113 1072 1194; baseline -0.001 -18"><span class='ocrx_word' id='word_1_65' title='bbox 175 1125 178 1128; x_wconf 79' lang='grc'><strong>“</strong></span> <span class='ocrx_word' id='word_1_66' title='bbox 255 1114 455 1194; x_wconf 75' lang='lat' dir='ltr'><strong>fremebundo</strong></span> <span class='ocrx_word' id='word_1_67' title='bbox 477 1113 608 1185; x_wconf 85' lang='lat' dir='ltr'><strong>enolto,</strong></span> <span class='ocrx_word' id='word_1_68' title='bbox 631 1116 751 1193; x_wconf 78' lang='lat' dir='ltr'><strong>r‘nqenti&#39;</strong></span> <span class='ocrx_word' id='word_1_69' title='bbox 765 1117 868 1175; x_wconf 87' lang='lat' dir='ltr'><strong>sonitu</strong></span> <span class='ocrx_word' id='word_1_70' title='bbox 890 1126 918 1176; x_wconf 90' lang='lat' dir='ltr'><strong>et</strong></span> <span class='ocrx_word' id='word_1_71' title='bbox 941 1117 1072 1193; x_wconf 71' lang='lat' dir='ltr'><strong>spiritu:</strong></span> 
     </span>
     <span class='ocr_line' id='line_1_10' title="bbox 253 1194 1175 1287; baseline 0.002 -28"><span class='ocrx_word' id='word_1_72' title='bbox 253 1217 332 1287; x_wconf 63' lang='lat' dir='ltr'><strong>qnae</strong></span> <span class='ocrx_word' id='word_1_73' title='bbox 355 1216 386 1258; x_wconf 86' lang='lat' dir='ltr'><strong>se</strong></span> <span class='ocrx_word' id='word_1_74' title='bbox 408 1199 506 1259; x_wconf 84' lang='lat' dir='ltr'><strong>undas</strong></span> <span class='ocrx_word' id='word_1_75' title='bbox 529 1198 633 1282; x_wconf 81' lang='lat' dir='ltr'><strong>uoluit,</strong></span> <span class='ocrx_word' id='word_1_76' title='bbox 656 1202 786 1259; x_wconf 86' lang='lat' dir='ltr'><strong>vbrtiees</strong></span> <span class='ocrx_word' id='word_1_77' title='bbox 809 1201 842 1259; x_wconf 77' lang='lat' dir='ltr'><strong>ee·</strong></span> <span class='ocrx_word' id='word_1_78' title='bbox 862 1201 1006 1277; x_wconf 61' lang='lat' dir='ltr'><strong>suscitem</strong></span> <span class='ocrx_word' id='word_1_79' title='bbox 1171 1194 1175 1203; x_wconf 84' lang='lat'><em>&#39;</em></span> 
     </span>
     <span class='ocr_line' id='line_1_11' title="bbox 258 1280 976 1362; baseline -0.003 -18"><span class='ocrx_word' id='word_1_80' title='bbox 258 1289 326 1345; x_wconf 84' lang='lat' dir='ltr'><strong>ruit</strong></span> <span class='ocrx_word' id='word_1_81' title='bbox 344 1280 511 1362; x_wconf 77' lang='lat' dir='ltr'><strong>prolepso3</strong></span> <span class='ocrx_word' id='word_1_82' title='bbox 532 1283 659 1362; x_wconf 78' lang='lat' dir='ltr'><strong>pe&#39;luqus</strong></span> <span class='ocrx_word' id='word_1_83' title='bbox 681 1288 849 1360; x_wconf 77' lang='lat' dir='ltr'><strong>resperqtt5</strong></span> <span class='ocrx_word' id='word_1_84' title='bbox 873 1284 976 1361; x_wconf 77' lang='lat' dir='ltr'><strong>restet.</strong></span> 
     </span>
    </p>

    <p class='ocr_par' dir='ltr' id='par_1_6' title="bbox 214 1366 1060 1448">
     <span class='ocr_line' id='line_1_12' title="bbox 214 1366 1060 1448; baseline -0.002 -20"><span class='ocrx_word' id='word_1_85' title='bbox 214 1380 218 1385; x_wconf 84' lang='grc'><strong>’</strong></span> <span class='ocrx_word' id='word_1_86' title='bbox 258 1367 308 1428; x_wconf 88' lang='lat' dir='ltr'><strong>lte</strong></span> <span class='ocrx_word' id='word_1_87' title='bbox 330 1369 401 1429; x_wconf 85' lang='lat' dir='ltr'><strong>dune</strong></span> <span class='ocrx_word' id='word_1_88' title='bbox 421 1371 633 1444; x_wconf 79' lang='lat' dir='ltr'><strong>interruptum</strong></span> <span class='ocrx_word' id='word_1_89' title='bbox 655 1367 913 1448; x_wconf 81' lang='lat' dir='ltr'><strong>ere&#39;dusnbnburn</strong></span> <span class='ocrx_word' id='word_1_90' title='bbox 934 1366 1060 1437; x_wconf 86' lang='lat' dir='ltr'><strong>obluier,</strong></span> 
     </span>
    </p>

    <p class='ocr_par' dir='ltr' id='par_1_7' title="bbox 157 1444 977 1530">
     <span class='ocr_line' id='line_1_13' title="bbox 157 1444 977 1530; baseline -0.001 -18"><span class='ocrx_word' id='word_1_91' title='bbox 157 1471 160 1475; x_wconf 71' lang='grc'><em>’</em></span> <span class='ocrx_word' id='word_1_92' title='bbox 259 1452 330 1512; x_wconf 88' lang='lat' dir='ltr'><strong>dum</strong></span> <span class='ocrx_word' id='word_1_93' title='bbox 352 1450 431 1529; x_wconf 88' lang='lat' dir='ltr'><strong>qubd</strong></span> <span class='ocrx_word' id='word_1_94' title='bbox 451 1449 577 1512; x_wconf 82' lang='lat' dir='ltr'><strong>sublime</strong></span> <span class='ocrx_word' id='word_1_95' title='bbox 601 1453 698 1512; x_wconf 87' lang='lat' dir='ltr'><strong>ue&#39;ntis</strong></span> <span class='ocrx_word' id='word_1_96' title='bbox 719 1444 883 1530; x_wconf 82' lang='lat' dir='ltr'><strong>eupulsbrn</strong></span> <span class='ocrx_word' id='word_1_97' title='bbox 905 1454 977 1530; x_wconf 81' lang='lat' dir='ltr'><strong>rapi</strong></span> 
     </span>
    </p>

    <p class='ocr_par' dir='ltr' id='par_1_8' title="bbox 202 1534 1061 2035">
     <span class='ocr_line' id='line_1_14' title="bbox 202 1534 1011 1613; baseline 0 -17"><span class='ocrx_word' id='word_1_98' title='bbox 202 1591 204 1596; x_wconf 90' lang='lat'><em>.</em></span> <span class='ocrx_word' id='word_1_99' title='bbox 258 1553 377 1604; x_wconf 84' lang='lat' dir='ltr'><strong>sonunt,</strong></span> <span class='ocrx_word' id='word_1_100' title='bbox 401 1538 456 1595; x_wconf 84' lang='lat' dir='ltr'><strong>obt</strong></span> <span class='ocrx_word' id='word_1_101' title='bbox 474 1534 620 1613; x_wconf 81' lang='lat' dir='ltr'><strong>procellis</strong></span> <span class='ocrx_word' id='word_1_102' title='bbox 643 1534 692 1595; x_wconf 88' lang='lat' dir='ltr'><strong>oe&#39;l</strong></span> <span class='ocrx_word' id='word_1_103' title='bbox 711 1535 851 1612; x_wconf 82' lang='lat' dir='ltr'><strong>qlobosos</strong></span> <span class='ocrx_word' id='word_1_104' title='bbox 874 1537 1011 1597; x_wconf 78' lang='lat' dir='ltr'><strong>turbines</strong></span> 
     </span>
     <span class='ocr_line' id='line_1_15' title="bbox 260 1619 908 1701; baseline 0.002 -23"><span class='ocrx_word' id='word_1_105' title='bbox 260 1622 408 1679; x_wconf 84' lang='lat' dir='ltr'><strong>enststere</strong></span> <span class='ocrx_word' id='word_1_106' title='bbox 429 1621 504 1679; x_wconf 85' lang='lat' dir='ltr'><strong>ictos</strong></span> <span class='ocrx_word' id='word_1_107' title='bbox 522 1619 616 1701; x_wconf 16' lang='lat' dir='ltr'><strong>‘eludis</strong></span> <span class='ocrx_word' id='word_1_108' title='bbox 639 1621 908 1682; x_wconf 68' lang='lat' dir='ltr'><strong>concursantibus:</strong></span> 
     </span>
     <span class='ocr_line' id='line_1_16' title="bbox 259 1702 1033 1783; baseline -0.001 -21"><span class='ocrx_word' id='word_1_109' title='bbox 259 1705 323 1763; x_wconf 86' lang='lat' dir='ltr'><strong>nisi</strong></span> <span class='ocrx_word' id='word_1_110' title='bbox 341 1705 416 1782; x_wconf 88' lang='lat' dir='ltr'><strong>quds</strong></span> <span class='ocrx_word' id='word_1_111' title='bbox 439 1712 603 1764; x_wconf 77' lang='lat' dir='ltr'><em>terrestres</em></span> <span class='ocrx_word' id='word_1_112' title='bbox 625 1702 741 1765; x_wconf 82' lang='lat' dir='ltr'><strong>antus</strong></span> <span class='ocrx_word' id='word_1_113' title='bbox 765 1712 882 1783; x_wconf 83' lang='lat' dir='ltr'><strong>stroqes</strong></span> <span class='ocrx_word' id='word_1_114' title='bbox 906 1706 1033 1766; x_wconf 88' lang='lat' dir='ltr'><strong>ebnet&#39;et:</strong></span> 
     </span>
     <span class='ocr_line' id='line_1_17' title="bbox 260 1785 1009 1866; baseline 0.003 -20"><span class='ocrx_word' id='word_1_115' title='bbox 260 1797 314 1847; x_wconf 88' lang='lat' dir='ltr'><strong>eut</strong></span> <span class='ocrx_word' id='word_1_116' title='bbox 333 1787 418 1864; x_wconf 77' lang='lat' dir='ltr'><strong>sbrte</strong></span> <span class='ocrx_word' id='word_1_117' title='bbox 442 1785 556 1857; x_wconf 75' lang='lat' dir='ltr'><strong>Triton,</strong></span> <span class='ocrx_word' id='word_1_118' title='bbox 578 1787 701 1864; x_wconf 74' lang='lat' dir='ltr'><strong>[berino</strong></span> <span class='ocrx_word' id='word_1_119' title='bbox 723 1789 870 1848; x_wconf 85' lang='lat' dir='ltr'><strong>everre&#39;ns</strong></span> <span class='ocrx_word' id='word_1_120' title='bbox 894 1806 1009 1866; x_wconf 84' lang='lat' dir='ltr'><strong>sperus,</strong></span> 
     </span>
     <span class='ocr_line' id='line_1_18' title="bbox 261 1870 997 1950; baseline 0 -20"><span class='ocrx_word' id='word_1_121' title='bbox 261 1870 366 1935; x_wconf 86' lang='lat' dir='ltr'><strong>subte&#39;r</strong></span> <span class='ocrx_word' id='word_1_122' title='bbox 387 1871 505 1931; x_wconf 85' lang='lat' dir='ltr'><strong>redires</strong></span> <span class='ocrx_word' id='word_1_123' title='bbox 524 1872 647 1950; x_wconf 82' lang='lat' dir='ltr'><strong>pe&#39;nr‘tus</strong></span> <span class='ocrx_word' id='word_1_124' title='bbox 669 1871 803 1931; x_wconf 88' lang='lat' dir='ltr'><strong>undante</strong></span> <span class='ocrx_word' id='word_1_125' title='bbox 825 1876 859 1931; x_wconf 85' lang='lat' dir='ltr'><strong>tn</strong></span> <span class='ocrx_word' id='word_1_126' title='bbox 880 1873 963 1948; x_wconf 79' lang='lat' dir='ltr'><strong>freto</strong></span> <span class='ocrx_word' id='word_1_127' title='bbox 993 1940 997 1946; x_wconf 81' lang='lat'>.</span> 
     </span>
     <span class='ocr_line' id='line_1_19' title="bbox 260 1954 1061 2035; baseline -0.001 -21"><span class='ocrx_word' id='word_1_128' title='bbox 260 1954 366 2015; x_wconf 86' lang='lat' dir='ltr'><strong>molem</strong></span> <span class='ocrx_word' id='word_1_129' title='bbox 390 1956 428 2014; x_wconf 81' lang='lat' dir='ltr'><strong>e&#39;u</strong></span> <span class='ocrx_word' id='word_1_130' title='bbox 445 1955 605 2035; x_wconf 77' lang='lat' dir='ltr'><strong>profundo</strong></span> <span class='ocrx_word' id='word_1_131' title='bbox 628 1957 751 2015; x_wconf 85' lang='lat' dir='ltr'><strong>sdneorn</strong></span> <span class='ocrx_word' id='word_1_132' title='bbox 773 1955 812 2014; x_wconf 88' lang='lat' dir='ltr'><strong>od</strong></span> <span class='ocrx_word' id='word_1_133' title='bbox 834 1954 949 2015; x_wconf 86' lang='lat' dir='ltr'><strong>eaelum</strong></span> <span class='ocrx_word' id='word_1_134' title='bbox 970 1955 1061 2014; x_wconf 83' lang='lat' dir='ltr'><strong>e&#39;ruit.</strong></span> 
     </span>
    </p>
   </div>
   <div class='ocr_carea' id='block_1_5' title="bbox 108 2046 1177 2219">
    <p class='ocr_par' dir='ltr' id='par_1_9' title="bbox 108 2046 1177 2219">
     <span class='ocr_line' id='line_1_20' title="bbox 192 2046 1177 2133; baseline -0.004 -18"><span class='ocrx_word' id='word_1_135' title='bbox 192 2053 313 2115; x_wconf 80' lang='lat' dir='ltr'><strong>Dubitat</strong></span> <span class='ocrx_word' id='word_1_136' title='bbox 327 2053 434 2132; x_wconf 86' lang='lat' dir='ltr'><strong>primo,</strong></span> <span class='ocrx_word' id='word_1_137' title='bbox 459 2074 535 2133; x_wconf 90' lang='lat' dir='ltr'><strong>quae</strong></span> <span class='ocrx_word' id='word_1_138' title='bbox 551 2055 589 2116; x_wconf 87' lang='lat' dir='ltr'><strong>sit</strong></span> <span class='ocrx_word' id='word_1_139' title='bbox 605 2075 639 2116; x_wconf 93' lang='lat' dir='ltr'><strong>ea</strong></span> <span class='ocrx_word' id='word_1_140' title='bbox 661 2046 776 2126; x_wconf 84' lang='lat' dir='ltr'><strong>natura,</strong></span> <span class='ocrx_word' id='word_1_141' title='bbox 800 2072 887 2133; x_wconf 91' lang='lat' dir='ltr'><strong>quam</strong></span> <span class='ocrx_word' id='word_1_142' title='bbox 909 2053 1005 2114; x_wconf 79' lang='lat' dir='ltr'><strong>cernit</strong></span> <span class='ocrx_word' id='word_1_143' title='bbox 1026 2053 1177 2131; x_wconf 79' lang='lat' dir='ltr'><strong>ignotam3</strong></span> 
     </span>
     <span class='ocr_line' id='line_1_21' title="bbox 108 2137 978 2219; baseline 0 -21"><span class='ocrx_word' id='word_1_144' title='bbox 108 2137 248 2219; x_wconf 87' lang='lat' dir='ltr'><strong>idemque</strong></span> <span class='ocrx_word' id='word_1_145' title='bbox 271 2139 429 2201; x_wconf 89' lang='lat' dir='ltr'><strong>iuvenibus</strong></span> <span class='ocrx_word' id='word_1_146' title='bbox 451 2139 528 2219; x_wconf 31' lang='lat' dir='ltr'><strong>visis,</strong></span> <span class='ocrx_word' id='word_1_147' title='bbox 548 2140 708 2218; x_wconf 91' lang='lat' dir='ltr'><strong>auditoque</strong></span> <span class='ocrx_word' id='word_1_148' title='bbox 731 2138 851 2200; x_wconf 84' lang='lat' dir='ltr'><strong>nautico</strong></span> <span class='ocrx_word' id='word_1_149' title='bbox 875 2148 978 2198; x_wconf 84' lang='lat' dir='ltr'><strong>cantu:</strong></span> 
     </span>
    </p>
   </div>
   <div class='ocr_carea' id='block_1_6' title="bbox 171 2239 1039 2402">
    <p class='ocr_par' dir='ltr' id='par_1_10' title="bbox 171 2239 1039 2402">
     <span class='ocr_line' id='line_1_22' title="bbox 171 2239 1039 2383; baseline 0.001 -84"><span class='ocrx_word' id='word_1_150' title='bbox 171 2252 174 2257; x_wconf 57' lang='lat'><strong>⁴</strong></span> <span class='ocrx_word' id='word_1_151' title='bbox 260 2258 308 2383; x_wconf 44' lang='lat' dir='ltr'><strong>llll</strong></span> <span class='ocrx_word' id='word_1_152' title='bbox 326 2244 448 2383; x_wconf 51' lang='lat' dir='ltr'><strong>thrqce&#39;tett</strong></span> <span class='ocrx_word' id='word_1_153' title='bbox 467 2251 496 2302; x_wconf 91' lang='lat' dir='ltr'><strong>et</strong></span> <span class='ocrx_word' id='word_1_154' title='bbox 518 2240 635 2325; x_wconf 82' lang='lat' dir='ltr'><strong>dloeres</strong></span> <span class='ocrx_word' id='word_1_155' title='bbox 658 2243 771 2302; x_wconf 87' lang='lat' dir='ltr'><strong>rbstris</strong></span> <span class='ocrx_word' id='word_1_156' title='bbox 790 2239 987 2319; x_wconf 76' lang='lat' dir='ltr'><strong>perfremunt</strong></span> <span class='ocrx_word' id='word_1_157' title='bbox 1032 2258 1039 2270; x_wconf 38' lang='lat'><strong>*¹</strong></span> 
     </span>
     <span class='ocr_line' id='line_1_23' title="bbox 280 2342 468 2402; baseline 0.005 -19"><span class='ocrx_word' id='word_1_158' title='bbox 280 2343 294 2383; x_wconf 95' lang='lat' dir='ltr'><strong>e</strong></span> <span class='ocrx_word' id='word_1_159' title='bbox 304 2342 325 2402; x_wconf 75' lang='lat' dir='ltr'>p</span> <span class='ocrx_word' id='word_1_160' title='bbox 361 2343 403 2384; x_wconf 82' lang='lat' dir='ltr'><strong>nt.</strong></span> <span class='ocrx_word' id='word_1_161' title='bbox 428 2359 468 2369; x_wconf 97' lang='lat'>-</span> 
     </span>
    </p>
   </div>
   <div class='ocr_carea' id='block_1_7' title="bbox 108 2421 1105 2666">
    <p class='ocr_par' dir='ltr' id='par_1_11' title="bbox 108 2421 1105 2666">
     <span class='ocr_line' id='line_1_24' title="bbox 108 2421 387 2483; baseline 0.004 -1"><span class='ocrx_word' id='word_1_162' title='bbox 108 2423 182 2482; x_wconf 89' lang='lat' dir='ltr'><strong>ltem</strong></span> <span class='ocrx_word' id='word_1_163' title='bbox 206 2421 262 2483; x_wconf 91' lang='lat' dir='ltr'><strong>alia</strong></span> <span class='ocrx_word' id='word_1_164' title='bbox 286 2423 387 2483; x_wconf 82' lang='lat' dir='ltr'><strong>multa.</strong></span> 
     </span>
     <span class='ocr_line' id='line_1_25' title="bbox 261 2507 963 2571; baseline 0.006 -4"><span class='ocrx_word' id='word_1_165' title='bbox 261 2541 306 2551; x_wconf 91' lang='lat'><strong>--</strong></span> <span class='ocrx_word' id='word_1_166' title='bbox 329 2507 450 2569; x_wconf 80' lang='lat' dir='ltr'><strong>Sileent</strong></span> <span class='ocrx_word' id='word_1_167' title='bbox 471 2507 548 2569; x_wconf 87' lang='lat' dir='ltr'><strong>melo</strong></span> <span class='ocrx_word' id='word_1_168' title='bbox 952 2565 963 2571; x_wconf 76' lang='grc'><strong><em>,</em></strong></span> 
     </span>
     <span class='ocr_line' id='line_1_26' title="bbox 252 2586 1105 2666; baseline -0.006 -14"><span class='ocrx_word' id='word_1_169' title='bbox 252 2586 446 2654; x_wconf 62' lang='grc' dir='ltr'><strong>Δοοηείφήῑίοτη</strong></span> <span class='ocrx_word' id='word_1_170' title='bbox 467 2594 506 2653; x_wconf 89' lang='lat' dir='ltr'><strong>od</strong></span> <span class='ocrx_word' id='word_1_171' title='bbox 528 2610 619 2653; x_wconf 88' lang='lat' dir='ltr'><strong>oures</strong></span> <span class='ocrx_word' id='word_1_172' title='bbox 644 2593 764 2653; x_wconf 87' lang='lat' dir='ltr'><strong>obnturn</strong></span> <span class='ocrx_word' id='word_1_173' title='bbox 786 2601 815 2651; x_wconf 91' lang='lat' dir='ltr'><strong>et</strong></span> <span class='ocrx_word' id='word_1_174' title='bbox 836 2590 972 2651; x_wconf 82' lang='lat' dir='ltr'><strong>nuditum</strong></span> <span class='ocrx_word' id='word_1_175' title='bbox 994 2588 1105 2666; x_wconf 72' lang='lat' dir='ltr'><strong>refert,</strong></span> 
     </span>
    </p>
   </div>
   <div class='ocr_carea' id='block_1_8' title="bbox 105 2675 1300 3441">
    <p class='ocr_par' dir='ltr' id='par_1_12' title="bbox 105 2675 1224 2855">
     <span class='ocr_line' id='line_1_27' title="bbox 105 2675 1224 2772; baseline -0.003 -22"><span class='ocrx_word' id='word_1_176' title='bbox 105 2691 186 2768; x_wconf 82' lang='lat' dir='ltr'><strong>Ergo</strong></span> <span class='ocrx_word' id='word_1_177' title='bbox 209 2692 304 2753; x_wconf 83' lang='lat' dir='ltr'><strong>uthis</strong></span> <span class='ocrx_word' id='word_1_178' title='bbox 326 2693 424 2772; x_wconf 85' lang='lat' dir='ltr'><strong>primo</strong></span> <span class='ocrx_word' id='word_1_179' title='bbox 445 2693 589 2772; x_wconf 84' lang='lat' dir='ltr'><strong>adspectu</strong></span> <span class='ocrx_word' id='word_1_180' title='bbox 601 2690 767 2752; x_wconf 89' lang='lat' dir='ltr'><strong>inanimum</strong></span> <span class='ocrx_word' id='word_1_181' title='bbox 790 2675 930 2769; x_wconf 68' lang='lat' dir='ltr'><strong>quidibem</strong></span> <span class='ocrx_word' id='word_1_182' title='bbox 954 2706 1105 2767; x_wconf 88' lang='lat' dir='ltr'><strong>sensuque</strong></span> <span class='ocrx_word' id='word_1_183' title='bbox 1126 2705 1176 2747; x_wconf 91' lang='lat' dir='ltr'><strong>va·</strong></span> <span class='ocrx_word' id='word_1_184' title='bbox 1190 2694 1224 2745; x_wconf 79' lang='lat'><strong>90</strong></span> 
     </span>
     <span class='ocr_line' id='line_1_28' title="bbox 108 2770 1181 2855; baseline -0.003 -22"><span class='ocrx_word' id='word_1_185' title='bbox 108 2793 197 2835; x_wconf 88' lang='lat' dir='ltr'><strong>enum</strong></span> <span class='ocrx_word' id='word_1_186' title='bbox 220 2784 252 2837; x_wconf 90' lang='lat' dir='ltr'><strong>se</strong></span> <span class='ocrx_word' id='word_1_187' title='bbox 275 2786 359 2855; x_wconf 88' lang='lat' dir='ltr'><strong>putat</strong></span> <span class='ocrx_word' id='word_1_188' title='bbox 381 2778 520 2850; x_wconf 80' lang='lat' dir='ltr'><strong>cernere,</strong></span> <span class='ocrx_word' id='word_1_189' title='bbox 556 2785 627 2855; x_wconf 91' lang='lat' dir='ltr'><strong>post</strong></span> <span class='ocrx_word' id='word_1_190' title='bbox 648 2782 748 2836; x_wconf 90' lang='lat' dir='ltr'><strong>autem</strong></span> <span class='ocrx_word' id='word_1_191' title='bbox 771 2774 865 2854; x_wconf 84' lang='lat' dir='ltr'><strong>signis</strong></span> <span class='ocrx_word' id='word_1_192' title='bbox 889 2773 1070 2834; x_wconf 85' lang='lat' dir='ltr'><strong>certioribus</strong></span> <span class='ocrx_word' id='word_1_193' title='bbox 1094 2770 1181 2848; x_wconf 89' lang='lat' dir='ltr'><strong>quale</strong></span> 
     </span>
    </p>

    <p class='ocr_par' dir='ltr' id='par_1_13' title="bbox 107 2853 1300 3441">
     <span class='ocr_line' id='line_1_29' title="bbox 108 2853 1273 2939; baseline -0.005 -21"><span class='ocrx_word' id='word_1_194' title='bbox 108 2859 149 2918; x_wconf 88' lang='lat' dir='ltr'><strong>sit</strong></span> <span class='ocrx_word' id='word_1_195' title='bbox 170 2859 200 2918; x_wconf 95' lang='lat' dir='ltr'><strong>id</strong></span> <span class='ocrx_word' id='word_1_196' title='bbox 230 2860 348 2939; x_wconf 90' lang='lat' dir='ltr'><strong>dequo</strong></span> <span class='ocrx_word' id='word_1_197' title='bbox 382 2861 589 2930; x_wconf 77' lang='lat' dir='ltr'><strong>dubitaverat,</strong></span> <span class='ocrx_word' id='word_1_198' title='bbox 613 2859 719 2937; x_wconf 87' lang='lat' dir='ltr'><em>incipit</em></span> <span class='ocrx_word' id='word_1_199' title='bbox 742 2857 905 2934; x_wconf 82' lang='lat' dir='ltr'><strong>suspicari:</strong></span> <span class='ocrx_word' id='word_1_200' title='bbox 937 2857 983 2916; x_wconf 89' lang='lat' dir='ltr'><strong>sie</strong></span> <span class='ocrx_word' id='word_1_201' title='bbox 1003 2853 1177 2933; x_wconf 87' lang='lat' dir='ltr'><strong>philosophi</strong></span> <span class='ocrx_word' id='word_1_202' title='bbox 1271 2878 1273 2882; x_wconf 94' lang='lat'>·</span> 
     </span>
     <span class='ocr_line' id='line_1_30' title="bbox 107 2937 1181 3019; baseline -0.007 -17"><span class='ocrx_word' id='word_1_203' title='bbox 107 2941 291 3015; x_wconf 88' lang='lat' dir='ltr'><strong>debuerunt,</strong></span> <span class='ocrx_word' id='word_1_204' title='bbox 314 2944 340 3002; x_wconf 90' lang='lat' dir='ltr'><strong>si</strong></span> <span class='ocrx_word' id='word_1_205' title='bbox 364 2944 439 3002; x_wconf 88' lang='lat' dir='ltr'><strong>lorte</strong></span> <span class='ocrx_word' id='word_1_206' title='bbox 462 2961 514 3002; x_wconf 91' lang='lat' dir='ltr'><strong>eos</strong></span> <span class='ocrx_word' id='word_1_207' title='bbox 537 2938 652 3019; x_wconf 89' lang='lat' dir='ltr'><strong>primus</strong></span> <span class='ocrx_word' id='word_1_208' title='bbox 676 2941 836 3019; x_wconf 85' lang='lat' dir='ltr'><strong>adspectus</strong></span> <span class='ocrx_word' id='word_1_209' title='bbox 859 2939 962 2999; x_wconf 92' lang='lat' dir='ltr'><strong>mundi</strong></span> <span class='ocrx_word' id='word_1_210' title='bbox 984 2937 1181 2999; x_wconf 81' lang='lat' dir='ltr'><strong>conturbave-</strong></span> 
     </span>
     <span class='ocr_line' id='line_1_31' title="bbox 108 3020 1180 3104; baseline -0.006 -18"><span class='ocrx_word' id='word_1_211' title='bbox 108 3034 170 3098; x_wconf 89' lang='lat' dir='ltr'><strong>rat,</strong></span> <span class='ocrx_word' id='word_1_212' title='bbox 192 3035 308 3104; x_wconf 87' lang='lat' dir='ltr'><strong>postea,</strong></span> <span class='ocrx_word' id='word_1_213' title='bbox 332 3044 423 3104; x_wconf 90' lang='lat' dir='ltr'><strong>quum</strong></span> <span class='ocrx_word' id='word_1_214' title='bbox 445 3026 592 3086; x_wconf 88' lang='lat' dir='ltr'><strong>vidissent</strong></span> <span class='ocrx_word' id='word_1_215' title='bbox 612 3035 710 3083; x_wconf 88' lang='lat' dir='ltr'><strong>metus</strong></span> <span class='ocrx_word' id='word_1_216' title='bbox 734 3024 798 3083; x_wconf 90' lang='lat' dir='ltr'><strong>eius</strong></span> <span class='ocrx_word' id='word_1_217' title='bbox 821 3023 923 3083; x_wconf 88' lang='lat' dir='ltr'><strong>linitos</strong></span> <span class='ocrx_word' id='word_1_218' title='bbox 947 3030 977 3083; x_wconf 90' lang='lat' dir='ltr'><strong>et</strong></span> <span class='ocrx_word' id='word_1_219' title='bbox 998 3020 1180 3101; x_wconf 79' lang='lat' dir='ltr'><strong>aequabiles,</strong></span> 
     </span>
     <span class='ocr_line' id='line_1_32' title="bbox 108 3103 1180 3189; baseline -0.004 -20"><span class='ocrx_word' id='word_1_220' title='bbox 108 3111 269 3189; x_wconf 85' lang='lat' dir='ltr'><strong>omniaque</strong></span> <span class='ocrx_word' id='word_1_221' title='bbox 292 3111 365 3172; x_wconf 89' lang='lat' dir='ltr'><strong>ratis</strong></span> <span class='ocrx_word' id='word_1_222' title='bbox 389 3109 545 3170; x_wconf 88' lang='lat' dir='ltr'><strong>ordinibus</strong></span> <span class='ocrx_word' id='word_1_223' title='bbox 568 3108 721 3168; x_wconf 88' lang='lat' dir='ltr'><strong>moderata</strong></span> <span class='ocrx_word' id='word_1_224' title='bbox 744 3105 982 3186; x_wconf 83' lang='lat' dir='ltr'><strong>immutabilique</strong></span> <span class='ocrx_word' id='word_1_225' title='bbox 1001 3103 1180 3177; x_wconf 82' lang='lat' dir='ltr'><strong>constantia,</strong></span> 
     </span>
     <span class='ocr_line' id='line_1_33' title="bbox 109 3190 1180 3273; baseline -0.004 -19"><span class='ocrx_word' id='word_1_226' title='bbox 109 3195 277 3272; x_wconf 83' lang='lat' dir='ltr'><strong>intelligere</strong></span> <span class='ocrx_word' id='word_1_227' title='bbox 300 3196 400 3256; x_wconf 90' lang='lat' dir='ltr'><strong>inesse</strong></span> <span class='ocrx_word' id='word_1_228' title='bbox 423 3195 553 3273; x_wconf 90' lang='lat' dir='ltr'><strong>aliquem</strong></span> <span class='ocrx_word' id='word_1_229' title='bbox 576 3210 635 3253; x_wconf 90' lang='lat' dir='ltr'><strong>non</strong></span> <span class='ocrx_word' id='word_1_230' title='bbox 659 3191 755 3252; x_wconf 90' lang='lat' dir='ltr'><strong>solum</strong></span> <span class='ocrx_word' id='word_1_231' title='bbox 772 3191 970 3253; x_wconf 88' lang='lat' dir='ltr'><strong>habitatorem</strong></span> <span class='ocrx_word' id='word_1_232' title='bbox 993 3190 1025 3251; x_wconf 92' lang='lat' dir='ltr'><strong>in</strong></span> <span class='ocrx_word' id='word_1_233' title='bbox 1039 3190 1096 3254; x_wconf 86' lang='lat' dir='ltr'><strong>hae</strong></span> <span class='ocrx_word' id='word_1_234' title='bbox 1112 3192 1180 3250; x_wconf 80' lang='lat' dir='ltr'><strong>oee-</strong></span> 
     </span>
     <span class='ocr_line' id='line_1_34' title="bbox 109 3275 1182 3353; baseline -0.005 -15"><span class='ocrx_word' id='word_1_235' title='bbox 109 3279 178 3338; x_wconf 91' lang='lat' dir='ltr'><strong>lesti</strong></span> <span class='ocrx_word' id='word_1_236' title='bbox 208 3297 242 3338; x_wconf 87' lang='lat' dir='ltr'><strong>ao</strong></span> <span class='ocrx_word' id='word_1_237' title='bbox 271 3280 370 3340; x_wconf 87' lang='lat' dir='ltr'><strong>divina</strong></span> <span class='ocrx_word' id='word_1_238' title='bbox 398 3280 504 3351; x_wconf 91' lang='lat' dir='ltr'><strong>domo,</strong></span> <span class='ocrx_word' id='word_1_239' title='bbox 535 3276 589 3338; x_wconf 92' lang='lat' dir='ltr'><strong>sed</strong></span> <span class='ocrx_word' id='word_1_240' title='bbox 619 3276 710 3337; x_wconf 89' lang='lat' dir='ltr'><strong>etiam</strong></span> <span class='ocrx_word' id='word_1_241' title='bbox 737 3284 886 3338; x_wconf 82' lang='lat' dir='ltr'><strong>rectorem</strong></span> <span class='ocrx_word' id='word_1_242' title='bbox 909 3284 941 3337; x_wconf 93' lang='lat' dir='ltr'><strong>et</strong></span> <span class='ocrx_word' id='word_1_243' title='bbox 960 3275 1182 3353; x_wconf 85' lang='lat' dir='ltr'><strong>moderatorem</strong></span> 
     </span>
     <span class='ocr_line' id='line_1_35' title="bbox 109 3350 1300 3441; baseline -0.002 -19"><span class='ocrx_word' id='word_1_244' title='bbox 109 3370 140 3422; x_wconf 90' lang='lat' dir='ltr'><strong>et</strong></span> <span class='ocrx_word' id='word_1_245' title='bbox 162 3371 312 3441; x_wconf 90' lang='lat' dir='ltr'><strong>tamquam</strong></span> <span class='ocrx_word' id='word_1_246' title='bbox 335 3363 531 3425; x_wconf 72' lang='lat' dir='ltr'><strong>architectum</strong></span> <span class='ocrx_word' id='word_1_247' title='bbox 553 3360 627 3422; x_wconf 91' lang='lat' dir='ltr'><strong>tanti</strong></span> <span class='ocrx_word' id='word_1_248' title='bbox 651 3359 751 3439; x_wconf 88' lang='lat' dir='ltr'><strong>operis</strong></span> <span class='ocrx_word' id='word_1_249' title='bbox 768 3360 902 3440; x_wconf 91' lang='lat' dir='ltr'><strong>tantique</strong></span> <span class='ocrx_word' id='word_1_250' title='bbox 917 3359 1063 3422; x_wconf 89' lang='lat' dir='ltr'><strong>muneris.</strong></span> <span class='ocrx_word' id='word_1_251' title='bbox 1091 3358 1177 3418; x_wconf 85' lang='lat' dir='ltr'><strong>Nune</strong></span> <span class='ocrx_word' id='word_1_252' title='bbox 1191 3350 1240 3420; x_wconf 76' lang='lat' dir='ltr'><strong>tib</strong></span> <span class='ocrx_word' id='word_1_253' title='bbox 1294 3399 1300 3408; x_wconf 80' lang='lat'><em>,</em></span> 
     </span>
    </p>
   </div>
   <div class='ocr_carea' id='block_1_9' title="bbox 106 3488 1281 4035">
    <p class='ocr_par' dir='ltr' id='par_1_14' title="bbox 106 3488 1281 4035">
     <span class='ocr_line' id='line_1_36' title="bbox 109 3488 1180 3563; baseline -0.008 -19"><span class='ocrx_word' id='word_1_254' title='bbox 109 3494 260 3563; x_wconf 79' lang='lat' dir='ltr'><strong>sebreibqng</strong></span> <span class='ocrx_word' id='word_1_255' title='bbox 276 3495 317 3547; x_wconf 87' lang='lat' dir='ltr'><strong>bei</strong></span> <span class='ocrx_word' id='word_1_256' title='bbox 336 3495 467 3547; x_wconf 83' lang='lat' dir='ltr'><strong>Claudien.</strong></span> <span class='ocrx_word' id='word_1_257' title='bbox 487 3495 567 3562; x_wconf 75' lang='lat' dir='ltr'><strong>epigr.</strong></span> <span class='ocrx_word' id='word_1_258' title='bbox 588 3495 620 3545; x_wconf 86' lang='grc'><strong>68</strong></span> <span class='ocrx_word' id='word_1_259' title='bbox 663 3507 688 3540; x_wconf 87' lang='grc' dir='ltr'><strong>ν.</strong></span> <span class='ocrx_word' id='word_1_260' title='bbox 715 3493 741 3553; x_wconf 82' lang='grc'><strong>2)</strong></span> <span class='ocrx_word' id='word_1_261' title='bbox 770 3492 810 3542; x_wconf 91' lang='lat' dir='ltr'><strong>die</strong></span> <span class='ocrx_word' id='word_1_262' title='bbox 835 3488 939 3560; x_wconf 78' lang='lat' dir='ltr'><strong>WeIIen</strong></span> <span class='ocrx_word' id='word_1_263' title='bbox 966 3505 1014 3540; x_wconf 89' lang='lat' dir='ltr'><strong>vor</strong></span> <span class='ocrx_word' id='word_1_264' title='bbox 1040 3489 1096 3540; x_wconf 86' lang='lat' dir='ltr'><strong>sieb</strong></span> <span class='ocrx_word' id='word_1_265' title='bbox 1121 3501 1180 3549; x_wconf 74' lang='lat' dir='ltr'><strong>weg</strong></span> 
     </span>
     <span class='ocr_line' id='line_1_37' title="bbox 107 3558 1179 3624; baseline -0.005 -14"><span class='ocrx_word' id='word_1_266' title='bbox 107 3562 224 3612; x_wconf 82' lang='lat' dir='ltr'><strong>erkennl.</strong></span> <span class='ocrx_word' id='word_1_267' title='bbox 664 3558 751 3609; x_wconf 82' lang='lat' dir='ltr'><strong>blisst.</strong></span> <span class='ocrx_word' id='word_1_268' title='bbox 789 3559 821 3610; x_wconf 89' lang='lat' dir='ltr'><strong>V.</strong></span> <span class='ocrx_word' id='word_1_269' title='bbox 841 3563 865 3610; x_wconf 83' lang='lat'><strong>5.</strong></span> <span class='ocrx_word' id='word_1_270' title='bbox 886 3565 1036 3624; x_wconf 82' lang='lat' dir='ltr'><strong>interruptum</strong></span> <span class='ocrx_word' id='word_1_271' title='bbox 1059 3559 1179 3606; x_wconf 83' lang='lat' dir='ltr'><strong>nimbum:</strong></span> 
     </span>
     <span class='ocr_line' id='line_1_38' title="bbox 143 3619 1177 3695; baseline -0.008 -15"><span class='ocrx_word' id='word_1_272' title='bbox 143 3631 184 3681; x_wconf 88' lang='grc'><strong>89.</strong></span> <span class='ocrx_word' id='word_1_273' title='bbox 206 3635 267 3695; x_wconf 84' lang='lat' dir='ltr'><strong>apud</strong></span> <span class='ocrx_word' id='word_1_274' title='bbox 284 3634 375 3682; x_wconf 77' lang='lat' dir='ltr'><strong>Attium.</strong></span> <span class='ocrx_word' id='word_1_275' title='bbox 409 3629 437 3680; x_wconf 92' lang='lat' dir='ltr'><strong>ln</strong></span> <span class='ocrx_word' id='word_1_276' title='bbox 462 3631 552 3680; x_wconf 78' lang='lat' dir='ltr'><strong>besson</strong></span> <span class='ocrx_word' id='word_1_277' title='bbox 569 3628 622 3680; x_wconf 86' lang='lat' dir='ltr'><strong>lle·</strong></span> <span class='ocrx_word' id='word_1_278' title='bbox 665 3626 744 3685; x_wconf 84' lang='lat' dir='ltr'><strong>„eine</strong></span> <span class='ocrx_word' id='word_1_279' title='bbox 761 3626 896 3677; x_wconf 85' lang='lat' dir='ltr'><strong>herstende</strong></span> <span class='ocrx_word' id='word_1_280' title='bbox 914 3622 1117 3688; x_wconf 73' lang='lat' dir='ltr'><strong>Regenwolke,.“</strong></span> <span class='ocrx_word' id='word_1_281' title='bbox 1144 3619 1177 3679; x_wconf 74' lang='lat' dir='ltr'><strong>V,</strong></span> 
     </span>
     <span class='ocr_line' id='line_1_39' title="bbox 108 3689 1180 3763; baseline -0.02 -7"><span class='ocrx_word' id='word_1_282' title='bbox 108 3696 171 3755; x_wconf 85' lang='lat' dir='ltr'><strong>dea,</strong></span> <span class='ocrx_word' id='word_1_283' title='bbox 197 3697 247 3747; x_wconf 84' lang='lat' dir='ltr'><strong>wie</strong></span> <span class='ocrx_word' id='word_1_284' title='bbox 265 3695 361 3748; x_wconf 90' lang='lat' dir='ltr'><strong>Nonius</strong></span> <span class='ocrx_word' id='word_1_285' title='bbox 380 3714 404 3763; x_wconf 87' lang='lat' dir='ltr'><strong>p.</strong></span> <span class='ocrx_word' id='word_1_286' title='bbox 425 3700 458 3751; x_wconf 80' lang='lat' dir='ltr'><strong>eb</strong></span> <span class='ocrx_word' id='word_1_287' title='bbox 476 3699 556 3760; x_wconf 78' lang='lat' dir='ltr'><strong>zeigt,</strong></span> <span class='ocrx_word' id='word_1_288' title='bbox 581 3712 622 3745; x_wconf 91' lang='lat' dir='ltr'><strong>wo</strong></span> <span class='ocrx_word' id='word_1_289' title='bbox 667 3696 707 3745; x_wconf 85' lang='lat'><strong>10.</strong></span> <span class='ocrx_word' id='word_1_290' title='bbox 730 3697 821 3757; x_wconf 81' lang='lat' dir='ltr'><strong>Triton,</strong></span> <span class='ocrx_word' id='word_1_291' title='bbox 851 3694 896 3743; x_wconf 88' lang='lat' dir='ltr'><strong>der</strong></span> <span class='ocrx_word' id='word_1_292' title='bbox 920 3693 976 3742; x_wconf 89' lang='lat' dir='ltr'><strong>dem</strong></span> <span class='ocrx_word' id='word_1_293' title='bbox 993 3689 1117 3740; x_wconf 86' lang='lat' dir='ltr'><strong>Poseidon</strong></span> <span class='ocrx_word' id='word_1_294' title='bbox 1135 3694 1180 3736; x_wconf 85' lang='lat' dir='ltr'><strong>nn-</strong></span> 
     </span>
     <span class='ocr_line' id='line_1_40' title="bbox 107 3755 1176 3834; baseline -0.007 -21"><span class='ocrx_word' id='word_1_295' title='bbox 107 3764 155 3814; x_wconf 87' lang='lat' dir='ltr'><strong>der</strong></span> <span class='ocrx_word' id='word_1_296' title='bbox 183 3772 273 3814; x_wconf 84' lang='lat' dir='ltr'><strong>neunte</strong></span> <span class='ocrx_word' id='word_1_297' title='bbox 308 3765 354 3814; x_wconf 87' lang='lat' dir='ltr'><strong>der</strong></span> <span class='ocrx_word' id='word_1_298' title='bbox 381 3763 514 3829; x_wconf 81' lang='lat' dir='ltr'><strong>folgenden</strong></span> <span class='ocrx_word' id='word_1_299' title='bbox 542 3764 623 3823; x_wconf 75' lang='lat' dir='ltr'><strong>Verse</strong></span> <span class='ocrx_word' id='word_1_300' title='bbox 665 3762 843 3824; x_wconf 81' lang='lat' dir='ltr'><strong>tergeordnete</strong></span> <span class='ocrx_word' id='word_1_301' title='bbox 871 3759 997 3821; x_wconf 83' lang='lat' dir='ltr'><strong>Meergott</strong></span> <span class='ocrx_word' id='word_1_302' title='bbox 1025 3756 1062 3820; x_wconf 81' lang='lat' dir='ltr'><strong>(S.</strong></span> <span class='ocrx_word' id='word_1_303' title='bbox 1088 3755 1107 3814; x_wconf 94' lang='lat' dir='ltr'><strong>l,</strong></span> <span class='ocrx_word' id='word_1_304' title='bbox 1135 3756 1176 3834; x_wconf 62' lang='lat' dir='ltr'><strong>bb,</strong></span> 
     </span>
     <span class='ocr_line' id='line_1_41' title="bbox 107 3821 1255 3896; baseline -0.009 -16"><span class='ocrx_word' id='word_1_305' title='bbox 107 3831 243 3894; x_wconf 77' lang='lat' dir='ltr'><strong>angeffibrt</strong></span> <span class='ocrx_word' id='word_1_306' title='bbox 259 3832 375 3883; x_wconf 82' lang='lat' dir='ltr'><strong>wird-</strong></span> <span class='ocrx_word' id='word_1_307' title='bbox 390 3832 422 3883; x_wconf 93' lang='lat' dir='ltr'><strong>V.</strong></span> <span class='ocrx_word' id='word_1_308' title='bbox 434 3836 458 3884; x_wconf 87' lang='grc'><strong>4.</strong></span> <span class='ocrx_word' id='word_1_309' title='bbox 468 3838 542 3896; x_wconf 75' lang='lat' dir='ltr'><strong>restet.</strong></span> <span class='ocrx_word' id='word_1_310' title='bbox 572 3831 624 3882; x_wconf 86' lang='lat' dir='ltr'><strong>Der</strong></span> <span class='ocrx_word' id='word_1_311' title='bbox 666 3831 722 3890; x_wconf 75' lang='lat'><strong>78).</strong></span> <span class='ocrx_word' id='word_1_312' title='bbox 757 3831 803 3880; x_wconf 87' lang='lat' dir='ltr'><strong>der</strong></span> <span class='ocrx_word' id='word_1_313' title='bbox 826 3827 973 3878; x_wconf 86' lang='lat' dir='ltr'><strong>numentlieb</strong></span> <span class='ocrx_word' id='word_1_314' title='bbox 997 3825 1023 3874; x_wconf 91' lang='lat' dir='ltr'><strong>in</strong></span> <span class='ocrx_word' id='word_1_315' title='bbox 1043 3825 1091 3874; x_wconf 87' lang='lat' dir='ltr'><strong>den</strong></span> <span class='ocrx_word' id='word_1_316' title='bbox 1109 3821 1180 3873; x_wconf 87' lang='lat' dir='ltr'><strong>Stro·</strong></span> <span class='ocrx_word' id='word_1_317' title='bbox 1248 3858 1255 3869; x_wconf 47' lang='lat'>2</span> 
     </span>
     <span class='ocr_line' id='line_1_42' title="bbox 108 3892 885 3959; baseline -0.004 -11"><span class='ocrx_word' id='word_1_318' title='bbox 108 3899 180 3954; x_wconf 78' lang='lat' dir='ltr'><strong>Hirro</strong></span> <span class='ocrx_word' id='word_1_319' title='bbox 204 3899 256 3950; x_wconf 78' lang='lat' dir='ltr'><strong>bblt</strong></span> <span class='ocrx_word' id='word_1_320' title='bbox 279 3900 324 3950; x_wconf 83' lang='lat' dir='ltr'><strong>das</strong></span> <span class='ocrx_word' id='word_1_321' title='bbox 349 3892 428 3950; x_wconf 84' lang='lat' dir='ltr'><strong>Sebili</strong></span> <span class='ocrx_word' id='word_1_322' title='bbox 451 3899 556 3951; x_wconf 73' lang='lat' dir='ltr'><strong>lurein</strong></span> <span class='ocrx_word' id='word_1_323' title='bbox 574 3899 622 3948; x_wconf 86' lang='lat' dir='ltr'><strong>lin·</strong></span> <span class='ocrx_word' id='word_1_324' title='bbox 665 3911 772 3959; x_wconf 80' lang='lat' dir='ltr'><strong>morgen</strong></span> <span class='ocrx_word' id='word_1_325' title='bbox 790 3897 885 3947; x_wconf 88' lang='lat' dir='ltr'><strong>waltet.</strong></span> 
     </span>
     <span class='ocr_line' id='line_1_43' title="bbox 106 3957 1281 4035; baseline -0.005 -19"><span class='ocrx_word' id='word_1_326' title='bbox 106 3967 220 4028; x_wconf 79' lang='lat' dir='ltr'><strong>gethim,</strong></span> <span class='ocrx_word' id='word_1_327' title='bbox 262 3968 307 4018; x_wconf 84' lang='lat' dir='ltr'><strong>dus</strong></span> <span class='ocrx_word' id='word_1_328' title='bbox 337 3967 497 4020; x_wconf 87' lang='lat' dir='ltr'><strong>sebnnubend</strong></span> <span class='ocrx_word' id='word_1_329' title='bbox 528 3969 622 4032; x_wconf 80' lang='lat' dir='ltr'><strong>(spirite</strong></span> <span class='ocrx_word' id='word_1_330' title='bbox 699 3967 740 4016; x_wconf 82' lang='lat'><strong>90.</strong></span> <span class='ocrx_word' id='word_1_331' title='bbox 759 3967 976 4032; x_wconf 82' lang='lat' dir='ltr'><strong>tentiquemuneris.</strong></span> <span class='ocrx_word' id='word_1_332' title='bbox 997 3957 1091 4018; x_wconf 86' lang='lat' dir='ltr'><strong>S.zul,</strong></span> <span class='ocrx_word' id='word_1_333' title='bbox 1102 3959 1125 4016; x_wconf 87' lang='grc'><strong>8,</strong></span> <span class='ocrx_word' id='word_1_334' title='bbox 1137 3959 1180 4010; x_wconf 79' lang='lat' dir='ltr'><strong>ta.</strong></span> <span class='ocrx_word' id='word_1_335' title='bbox 1280 4031 1281 4035; x_wconf 10' lang='grc' dir='ltr'><strong>Ἰ</strong></span> 
     </span>
    </p>
   </div>
   <div class='ocr_carea' id='block_1_10' title="bbox 147 4036 1009 4124">
    <p class='ocr_par' dir='ltr' id='par_1_15' title="bbox 147 4036 1009 4124">
     <span class='ocr_line' id='line_1_44' title="bbox 147 4036 1009 4124; baseline -0.001 -26"><span class='ocrx_word' id='word_1_336' title='bbox 147 4054 192 4100; x_wconf 74' lang='lat' dir='ltr'><strong>die.</strong></span> <span class='ocrx_word' id='word_1_337' title='bbox 203 4057 230 4100; x_wconf 89' lang='lat' dir='ltr'><strong>de</strong></span> <span class='ocrx_word' id='word_1_338' title='bbox 245 4036 293 4100; x_wconf 82' lang='lat' dir='ltr'><strong>Nal.</strong></span> <span class='ocrx_word' id='word_1_339' title='bbox 306 4056 367 4100; x_wconf 89' lang='lat' dir='ltr'><strong>deor.</strong></span> <span class='ocrx_word' id='word_1_340' title='bbox 495 4120 498 4124; x_wconf 92' lang='lat'><em>.</em></span> <span class='ocrx_word' id='word_1_341' title='bbox 956 4047 985 4098; x_wconf 88' lang='grc'><strong>10</strong></span> <span class='ocrx_word' id='word_1_342' title='bbox 1004 4050 1009 4059; x_wconf 92' lang='grc'><em>’</em></span> 
     </span>
    </p>
   </div>
   <div class='ocr_carea' id='block_1_11' title="bbox 0 0 1329 4418">
    <p class='ocr_par' dir='ltr' id='par_1_16' title="bbox 0 0 1329 4418">
     <span class='ocr_line' id='line_1_45' title="bbox 0 0 1329 4418; baseline 0 0"><span class='ocrx_word' id='word_1_343' title='bbox 0 0 1329 4418; x_wconf 95' lang='lat' dir='ltr'><strong> </strong></span> 
     </span>
    </p>
   </div>
  </div>
 </body>
</html>
