2640 4418
455 328 515 379 nro.
536 328 555 378 1.
577 329 648 380 cnr.
670 331 710 381 23:
731 290 779 380 242*
793 306 854 381 2ss
1134 320 1182 395 67,

108 501 225 563 pugno:
256 501 343 561 quam
366 491 397 544 tu
420 502 457 544 ne
480 483 510 543 in
533 484 589 544 deo
614 484 732 566 quidem
757 502 824 544 esse
847 501 968 556 censes,
998 483 1057 544 nisi
1086 485 1174 563 plane

109 570 171 629 otio
194 568 340 645 langueat.
378 569 436 628 Sed
458 568 510 630 ubi
535 578 581 629 est
602 566 734 629 veritas?
756 568 789 640 ln
811 569 940 641 mundis,
963 570 1063 642 credo,
1084 570 1175 632 irinu-

109 652 318 726 merabilibuS,
347 652 485 714 omnibus
516 653 647 713 minimis
670 663 837 731 temporum
859 653 995 732 punctis,
1024 654 1158 714 aliisnna

109 737 271 808 scentibus
295 737 361 797 aliis
385 738 571 802 cadentibus.
594 739 639 797 An
662 738 693 798 in
715 738 876 798 individuis
895 739 1097 816 corpusculis,.
1115 748 1193 800 lam¹

107 822 260 902 praeclara
289 841 379 900 opera
411 822 490 882 nulla
512 823 686 883 moderante
720 833 838 897 natura,
871 823 950 884 nulla
973 823 1089 888 ratione
1117 823 1173 884 fin-

108 902 270 984 gentibus?
302 908 360 967 Sed
390 906 499 967 oblitus'
523 906 710 967 liberalitatis
739 926 837 978 meae,
868 927 924 986 qua
953 918 1050 968 tecum
1073 909 1173 986 paullo

107 1000 175 1053 ante
204 990 247 1052 uli
277 1009 448 1070 coeperam,
476 993 562 1070 plura
590 990 782 1070 complector.
827 991 995 1053 Concedam
1024 992 1114 1070 igitur
1140 1013 1174 1053 ex

107 1075 269 1138 individuis
292 1084 429 1136 constare
454 1077 562 1137 omnia.
591 1076 679 1149 ‘Quid
703 1077 739 1136 ad
762 1072 850 1135 rem?
872 1077 995 1137 deorum
1018 1077 1098 1137 enim
1121 1097 1173 1139 na-

107 1170 173 1222 tura
203 1161 365 1240 quaeritur.
416 1161 480 1221 Sint
510 1180 582 1221 sane
616 1181 650 1220 ex
679 1160 802 1222 atomis:
837 1180 896 1221 non
929 1161 1018 1238 igitur
1047 1164 1215 1225 aeterni.68

108 1246 195 1319 Quod
224 1245 303 1306 enim
334 1264 369 1305 ex
397 1240 519 1319 atomis,
550 1245 579 1305 id
604 1253 711 1306 'natum
739 1244 898 1324 aliquando
923 1255 983 1304 est:
1013 1246 1038 1304 si
1062 1253 1171 1320 natum,

106 1330 180 1391 nulli
204 1330 245 1389 dii
269 1338 352 1401 ante,
374 1348 468 1408 ¹quam
492 1330 568 1391 nati:
598 1338 627 1401 et
650 1330 675 1390 si
700 1341 783 1390 ortus
806 1339 851 1390 est
874 1330 1012 1401 deorum,
1036 1329 1173 1391 interitus

107 1417 146 1476 sit
168 1433 293 1474 necesse
316 1424 376 1483 est,
400 1422 432 1474 ut
456 1423 485 1474 tu
508 1415 608 1494 paullo
630 1423 698 1475 ante
721 1415 757 1474 de
780 1413 914 1475 Platonis
937 1415 1047 1474 mundo
1071 1415 1173 1493 dispu-

108 1499 200 1560 tabas.
244 1496 299 1559 Ubi
321 1499 413 1574 igitur
434 1496 505 1559 illud
528 1507 659 1560 vestrum
681 1500 800 1560 beatum
823 1509 852 1559 et
873 1508 1041 1570 aeternum,
1065 1500 1173 1578 quibus

106 1582 223 1643 duobus
244 1582 344 1643 verbis
367 1583 542 1659 significatis
556 1581 677 1644 deum?
706 1584 785 1663 quod
814 1603 903 1664 quum
933 1584 1052 1643 ellicere
1074 1585 1172 1656 vultis,

53 1698 89 1757 ,μὴ
106 1667 282 1755 indometa
302 1667 470 1745 eorrepitis.
514 1668 557 1728 lta
577 1669 659 1730 'enim
682 1669 814 1742 dicebas,
837 1688 898 1730 non
921 1687 1030 1747 corpus
1053 1688 1119 1729 esse
1143 1669 1173 1729 in

106 1753 172 1824 deo,
196 1744 250 1819 sed
272 1751 358 1828 quasi
381 1746 580 1830 co'rpuS‚‹uec
603 1754 787 1830 sanguinem,
811 1753 864 1813 sed
881 1753 965 1832 quasi
988 1756 1172 1830 sanguinem.

105 1836 170 1896 Hoc
192 1823 337 1913 p‘ersaepe
360 1836 469 1908 facitis,
493 1846 534 1910 ut,
558 1857 647 1916 quum
671 1837 781 1916 aliquid
806 1857 865 1898 non
887 1837 1047 1899 verisimile
1063 1838 1169 1898 dicatis
1185 1837 1228 1906 25

106 1929 135 1980 et
165 1921 295 1994 ellugere
324 1921 589 1997 reprehensionem
620 1921 733 1994 velitis,
767 1921 899 1980 alleratis
931 1921 1058 1997 aliquid,
1092 1923 1171 2000 quod
1186 1935 1216 1985 69

106 2005 228 2079 omnino
252 2023 289 2063 ne
311 2004 377 2064 fieri
400 2005 519 2083 quidem
543 2005 662 2084 possita=
685 2013 718 2066 ut
739 2004 833 2084 satiem
857 2004 947 2065 luerit
968 2004 1040 2064 illud
1064 2004 1172 2083 ipsum,
1201 1991 1278 2094 lr‘ju

104 2089 142 2164 de
160 2107 218 2168 quo
244 2089 467 2166 ambigebatur,
490 2091 672 2161 concedere,
697 2108 784 2170 quam
808 2099 865 2150 tam
888 2089 1076 2168 impudenter
1098 2090 1172 2150 resi-

105 2185 195 2235 stere.
239 2172 325 2233 Velut
346 2170 493 2253 Epicurus
523 2194 611 2254 quum
634 2175 763 2247 videret,
793 2173 817 2234 si
852 2175 942 2235 atomi
972 2174 1120 2235 ferrentur
1141 2176 1171 2235 in

104 2258 203 2318 locum
225 2258 398 2319 inleriorem
421 2267 528 2338 suopte
551 2257 701 2338 ponder'e,
731 2258 806 2319 nibil
836 2260 899 2320 lore
928 2259 958 2317 in
986 2268 1089 2320 nostra
1117 2280 1170 2338 po·
1206 2292 1208 2295 ·

106 2349 223 2414 testate,
248 2344 326 2420 quod
344 2352 423 2403 esset
439 2363 539 2403 earum
562 2354 661 2404 motus
685 2345 783 2404 certus
805 2352 835 2403 et
857 2343 1047 2403 necessarius
1055 2363 1063 2420 3
1087 2344 1171 2405 inve-

105 2480 267 2540 reorisiqilor,
284 2480 616 2544 otdicosleomniaoolupto·
659 2477 720 2543 pitel
744 2493 775 2526 au
802 2477 866 2530 zwci
891 2475 1030 2541 Reispielen
1058 2477 1165 2539 gezeigt,
1180 2521 1187 2532 ,.
1253 2532 1255 2536 ,

107 2549 137 2595 lis
155 2560 238 2595 course
256 2550 389 2609 foetorum?
578 2584 580 2594 .
660 2545 701 2594 die
720 2545 837 2607 ibrigens
851 2545 906 2593 dem
918 2544 1168 2609 Hauptgegenstande

138 2615 204 2662 nullo
221 2616 352 2664 moderante
369 2623 459 2664 acturo,
496 2611 556 2662 Dies
570 2612 616 2663 wi·
660 2614 740 2663 lremd
758 2614 827 2670 sind,.
841 2629 872 2661 zu
882 2611 1002 2662 welcbcm
1020 2621 1074 2662 erst
1090 2630 1112 2663 c.
1126 2617 1165 2672 26,
1220 2670 1228 2680 x

105 2679 245 2745 derspricht
263 2680 326 2736 dem,
347 2696 403 2730 was
420 2680 532 2731 Velleius
553 2680 616 2731 oben
660 2685 691 2734 73
711 2680 911 2741 zurtckgeleln
928 2680 1003 2730 wird.

105 2763 126 2796 e.
144 2749 184 2805 20,
207 2749 238 2798 53
257 2755 346 2809 gcsagt
362 2749 413 2797 hat.
440 2749 615 2810 Abergewis-
693 2746 745 2804 25.
764 2750 805 2800 69.
830 2753 890 2800 nibil
913 2756 962 2812 sore
988 2754 1013 2799 io
1029 2758 1108 2800 nostro
1124 2767 1168 2814 po-

105 2830 246 2864 sermassen
273 2815 306 2864 ist
330 2815 417 2864 beides
444 2817 524 2865 wabr.
569 2816 614 2866 Die
658 2827 744 2869 testate.
762 2814 1087 2866 WeilncmlicloieSeele
1105 2819 1167 2865 aucb

105 2885 199 2938 blame,
221 2881 303 2930 iudem
322 2881 358 2931 sie
377 2883 429 2931 sieb
447 2884 472 2931 in
487 2884 533 2932 der
542 2884 615 2932 Rich·
657 2899 705 2933 nur
722 2898 767 2932 aus
785 2885 889 2932 Atnmen
906 2883 1017 2939 bostem,
1044 2899 1071 2932 so
1089 2885 1168 2932 miss-

103 2956 165 3010 tnng
177 2963 226 2996 von
238 2949 300 2997 oben
313 2949 375 2997 nach
390 2957 465 2998 untcn
482 2950 611 3012 bewegen,
657 2959 705 3006 ten,
726 2966 800 2999 wenn
818 2950 955 2999 dieAtome
974 2950 1041 2999 nicbt
1058 2949 1167 3000 einVer-

105 3016 188 3079 lolgen
207 3014 320 3066 offenbar
338 3016 418 3065 ciuem
427 3015 611 3079 Naturgesetz;
656 3017 743 3077 nnigen
757 3018 841 3066 britton
854 3033 910 3067 vom
917 3015 1085 3079 Naturgesetz
1092 3018 1167 3068 abzu-

105 3085 167 3134 aber
184 3084 220 3134 sie
238 3084 351 3134 weicbcn
376 3085 438 3134 ohne
461 3085 613 3134 bestimmtes
656 3084 775 3141 weichcn,
789 3084 1166 3148 auobdicSeelcntheitiglceiten
1265 3089 1269 3096 '

106 3151 197 3202 Gesetz
208 3168 256 3202 von
268 3153 352 3202 dieser
362 3153 486 3215 Ricbtung
504 3153 542 3210 ab,
565 3153 612 3202 und
656 3151 703 3202 alle
722 3168 769 3201 nur
786 3154 846 3202 uach
862 3151 1166 3216 einemNaturgesetzcr-

106 3219 175 3268 diese
193 3221 364 3282 Abweicbung
386 3222 469 3271 macht
496 3228 549 3270 erst
573 3220 612 3268 dic
656 3219 746 3282 lolgen,
768 3221 817 3270 und
836 3221 899 3271 lreie
918 3221 1166 3286 Selbstbestimmung

104 3287 261 3350 Entstehung
278 3288 324 3338 der
340 3288 545 3351 Welt'miigliob.
584 3288 609 3337 S.
655 3289 947 3351 wdreausgescblossen.
962 3289 1166 3352 Deswegenvcr-

105 3371 136 3404 zu
154 3371 176 3402 o.
198 3356 237 3413 25,
255 3357 296 3408 69.
574 3414 578 3419 ¹
654 3356 704 3406 lieb
722 3357 819 3423 Epilrur
836 3358 883 3407 den
900 3359 1003 3408 Atomen
1029 3359 1091 3407 auch
1110 3359 1165 3408 einc

136 3426 216 3488 paullo
235 3433 308 3475 onte„
330 3423 399 3473 Oben
420 3440 441 3473 c.
463 3427 485 3482 8,
507 3424 548 3474 20.
655 3424 1099 3488 gewissewillkiirlicheBewegung‚
1112 3442 1165 3474 wo-

139 3492 179 3541 68.
193 3494 217 3540 io
225 3495 314 3542 dumeto
322 3497 447 3557 correpilis.
458 3490 573 3543 Dasssild
579 3491 613 3540 ist
655 3493 732 3542 durch
751 3508 780 3542 er
789 3493 883 3543 sowobl
896 3494 936 3543 dic
946 3492 1106 3556 Miglicblreit
1120 3493 1166 3540 der

103 3572 151 3605 von
169 3557 317 3619 verlolgtem
326 3557 413 3608 Wilde
428 3559 544 3617 callebat,
566 3559 611 3608 das
654 3559 877 3623 Weltcntstcbung
907 3562 983 3619 durch
1006 3561 1165 3613 Zusammen-
1212 3602 1215 3607 .

104 3624 156 3674 sich
181 3624 220 3675 ins
244 3624 358 3674 Diekicbt
388 3628 501 3684 fldobtet.
527 3627 611 3677 wobin
653 3628 741 3678 trelien
765 3629 811 3678 der
833 3645 881 3679 von
907 3631 952 3678 der
975 3629 1067 3689 graden
1092 3626 1164 3677 Linie

104 3692 152 3741 ihm
171 3692 217 3743 der
239 3693 316 3756 Jdger
339 3692 405 3743 nicbt
426 3694 503 3745 leiebt
527 3695 611 3758 lolgen
654 3696 847 3746 abwcicbenden
866 3699 965 3752 Atome.
987 3694 1024 3743 als
1043 3691 1105 3743 auch
1123 3694 1163 3745 die

101 3760 183 3810 kann:
210 3777 237 3811 so
256 3761 296 3810 die
315 3760 455 3826 Epilureer
472 3779 503 3812 zu
520 3763 610 3812 unver-
652 3763 764 3814 Freibeit
787 3766 831 3813 des
854 3762 1034 3813 menseblicben
1052 3761 1163 3813 Willens

102 3828 255 3879 staindliehen
291 3829 340 3878 und
376 3828 438 3877 eben
477 3829 610 3893 deswegen
653 3832 768 3882 erkltiren
795 3848 826 3880 zu
850 3832 947 3880 kdnnen
965 3830 1064 3880 meinte.
1102 3830 1159 3893 Vgl.

102 3898 201 3947 sehwer
222 3914 253 3947 zu
271 3896 474 3958 widerlegcndcn
498 3897 609 3964 Bebaup·
654 3899 705 3951 Cic.
732 3901 762 3949 de
780 3899 842 3948 Fato
860 3913 881 3946 e.
904 3900 942 3955 10,
964 3899 1162 3956 22,¹besondcrs
1211 3961 1213 3965 .

102 3972 201 4028 tungen.
223 3985 254 4004 ι-
272 3963 409 4016 Dieswird
428 3964 461 4014 im
480 3963 539 4028 lolg.
559 3966 609 4016 Ka·
652 3968 715 4018 aber
731 3966 832 4029 Lucret.
852 3965 883 4024 ll,
905 3967 951 4017 251
972 3965 997 4016 ff.

928 4050 964 4102 5*
