2640 4418
122 285 163 346 64
263 274 269 284 ’
478 294 522 344 na
541 292 677 346 uarum
694 293 842 346 nuonuu.

79 460 107 510 61
124 466 227 511 eorum
250 456 332 509 esset
352 447 551 520 verissimum,
574 447 753 526 desperasse
776 465 895 507 omnem
916 447 1084 508 veritatem.
1120 447 1196 527 Epi-

123 552 213 594 curus
234 551 305 592 vero
327 539 395 595 tuus
416 534 497 606 (nam
521 549 587 592 eum
611 532 663 592 illo
686 531 765 591 malo
788 532 947 602 disserere,
970 549 1058 610 quam
1079 536 1195 607 tecum)

123 617 194 698 quid
217 616 305 686 dicit,
339 616 419 699 quod
447 634 507 676 non
536 616 626 676 modo
654 615 847 697 philosophia
869 615 991 693 dignum
1014 624 1110 688 esset,
1139 615 1196 678 sed

122 699 268 762 mediocri
291 698 473 780 prudentia?
580 704 583 709 ’
1155 702 1158 707 ’

188 784 349 857 Quaeritur
369 784 497 863 primum
521 784 552 843 in
576 802 609 845 ea
634 783 826 864 quaestione,
855 802 931 863 quae
960 792 1008 845 est
1027 783 1065 845 de
1086 791 1196 844 natura

123 869 264 940 deorum,
287 868 388 928 sintne
410 868 451 928 dii
473 886 568 930 neone
590 869 662 934 siut,
705 868 833 930 Diitieile
855 876 902 928 est
923 885 1043 959 negare,
1086 867 1195 939 Credo,

12 982 15 989 ·
123 954 150 1014 si
171 953 202 1013 in
225 952 372 1012 eoneione
394 965 569 1032 quaeratur;
600 953 707 1014 sedin
730 951 901 1012 huiusmodi
924 970 1063 1014 sermone
1085 960 1117 1012 et
1138 951 1196 1030 [in]

124 1055 271 1098 consessu
292 1036 477 1097 laeillimum.
516 1037 620 1115 ltaque
643 1055 697 1114 ego
720 1037 786 1115 ipse
808 1036 951 1115 pontifex,
975 1035 1196 1115 quieaerimo-
1266 1061 1271 1074 ¹

123 1121 189 1183 nias
210 1120 432 1200 religionesque
458 1121 595 1200 publicas
623 1119 812 1181 sanctissime
840 1120 966 1181 tuendas
995 1121 1140 1193 arbitror,
1167 1119 1196 1180 is

122 1207 190 1276 hoe,
214 1205 293 1283 quod
316 1206 444 1284 primum
468 1213 523 1276 est,
546 1224 613 1266 esse
636 1205 727 1275 deos,
749 1204 925 1284 persuaderi
947 1204 1022 1265 mihi
1044 1222 1105 1265 non
1128 1203 1196 1282 opi·

123 1289 214 1350 nione
237 1289 344 1362 solum,
367 1290 421 1350 sed
444 1289 532 1351 etiam
556 1290 593 1349 ad
608 1288 761 1360 veritatem
776 1288 865 1367 plane
879 1287 978 1348 velim.
1007 1289 1098 1350 lllulta
1115 1287 1197 1351 enim

123 1381 285 1435 aecurrunt
307 1392 382 1452 quae
405 1373 593 1444 conturbent,
616 1381 649 1434 ut
670 1373 819 1433 interdum
842 1372 916 1433 nulli
937 1391 1005 1433 esse
1030 1372 1196 1434 videantur.

80 1467 111 1518 62
125 1457 185 1521 Sed
200 1457 278 1528 vide,
299 1475 390 1535 quam
412 1466 510 1518 tecum
535 1476 618 1535 agam
641 1457 821 1517 liberaliter:
846 1475 921 1535 quae
938 1456 1109 1518 eommunia
1126 1463 1198 1549 sqnt

123 1541 209 1602 vohis
232 1559 300 1602 eum
323 1542 430 1602 ceteris
452 1542 664 1621 philosophis,
681 1559 749 1616 non,
765 1541 922 1617 attingam,
946 1551 980 1603 ut
999 1541 1058 1601 hoo
1080 1540 1197 1619 ipsum:
1267 1550 1271 1560 ’

123 1626 223 1704 placet
245 1622 325 1684 euim
348 1625 486 1685 omnibus
509 1627 582 1698 iere,
604 1626 738 1704 mihique
760 1625 820 1704 ipsi
843 1624 1005 1703 inprimis,
1028 1625 1103 1686 deos
1118 1642 1198 1685 esse.

124 1709 228 1788 ltaque
251 1722 311 1768 non
333 1726 445 1788 pugno.
474 1710 630 1771 Rationem
653 1719 753 1771 tamen
776 1727 850 1779 eam,
875 1727 951 1787 quae
974 1718 1041 1784 ate
1063 1709 1196 1780 affertur,

67 1790 112 1861 23
127 1811 187 1854 non
210 1793 283 1853 satis
305 1793 421 1854 firmam
443 1804 527 1875 puto.
572 1794 659 1866 Quod
688 1793 767 1854 enim
796 1793 929 1873 omnium
952 1792 1083 1867 gentium
1106 1809 1198 1869 gene·
1304 1842 1308 1846 .

123 1896 251 1957 rumque
272 1877 445 1940 hominibus
468 1879 509 1940 ita
524 1878 684 1949 videretur,
707 1878 738 1939 id
762 1877 835 1937 satis
857 1895 996 1955 magnum
1019 1895 1087 1937 esse
1109 1894 1197 1954 argu-
1319 1897 1320 1908 ¹

124 1971 257 2022 mentum
287 1962 403 2035 dixisti,
434 1981 488 2024 eur
516 1982 584 2025 esse
613 1963 687 2023 deos
715 1961 936 2022 confiteremur.
989 1960 1076 2034 Quod
1100 1979 1197 2040 quum

123 2046 188 2107 leve
209 2065 266 2124 per
288 2065 331 2119 se,
354 2056 415 2106 tum
439 2048 527 2108 etiam
550 2047 658 2107 salsum
681 2053 738 2106 est.
782 2045 924 2116 Primum
937 2045 1018 2106 enim
1040 2046 1120 2106 unde
1142 2042 1198 2106 no·

124 2138 173 2190 tae
194 2129 250 2190 tihi
273 2140 344 2190 sunt
365 2130 524 2208 opiniones
547 2127 728 2197 nationum‘l,
756 2129 905 2208 Equidem
927 2129 1066 2201 arbitror,
1088 2129 1197 2190 multas

6 2208 89 2265 ‘taur
127 2232 195 2274 esse
218 2221 323 2290 gentes
352 2214 396 2274 sie
426 2213 608 2274 immanitate
632 2215 786 2285 efferatas,
811 2221 846 2274 ut
867 2215 944 2292 apud
965 2232 1016 2274 eas
1039 2213 1120 2277 nulla
1143 2232 1195 2273 su-

83 2308 113 2358 63
127 2297 225 2379 spicio
248 2298 373 2359 deorum
396 2298 445 2359 sit.
491 2295 594 2372 Quid?
622 2295 787 2376 Diagoras,
816 2287 922 2372 ἄθεος
944 2298 998 2377 qui
1019 2297 1116 2358 dietus
1140 2305 1196 2368 est,

25 2539 52 2554 h

162 2433 202 2482 61.
224 2435 281 2498 quid
299 2435 362 2495 dicit,
383 2436 561 2499 quod—esset.
580 2430 641 2481 Cor·
683 2429 832 2480 monstrativ
856 2431 904 2480 den
929 2429 1071 2492 (legeram
1093 2431 1199 2480 hervor-

127 2505 213 2548 reeter
229 2500 300 2546 wire
318 2504 363 2552 sit:
388 2499 450 2549 aher
472 2500 504 2549 da
522 2499 567 2549 das
584 2514 642 2548 vor·
683 2499 804 2548 zuhehen.

128 2567 198 2627 herg.
225 2565 350 2615 Praesens
376 2572 432 2619 dicit
456 2567 480 2615 in
507 2567 553 2616 der
575 2565 642 2616 'l'hat
718 2571 749 2617 od
765 2571 889 2627 unitatem,
909 2565 972 2615 naeh
991 2563 1195 2623 derWahrheit,
1277 2562 1283 2575 “

128 2648 177 2682 nur
202 2633 368 2694 uneigentlieh
393 2641 481 2696 gesagt
504 2634 551 2692 ist,
581 2633 642 2683 weil
684 2633 708 2682 d.
729 2633 753 2681 h.
774 2647 801 2680 so
819 2632 869 2681 wie
887 2647 916 2682 es
934 2633 981 2682 der
997 2631 1136 2683 Wahrheit
1155 2647 1201 2682 an-

127 2699 233 2750 naimlieh
252 2700 475 2767 E.’sAussprdohe
494 2701 530 2751 als
549 2701 574 2751 in
592 2701 641 2751 sei·
684 2713 814 2762 gemessen
842 2700 888 2757 ist,
920 2700 978 2750 dass
1004 2715 1060 2750 man
1082 2716 1132 2748 von
1159 2699 1201 2749 ihr

128 2783 176 2817 nen
200 2767 326 2818 Sehrillen
350 2769 413 2818 oder
435 2769 458 2817 in
484 2770 530 2818 der
547 2768 641 2818 Ueher-
682 2768 822 2829 dherzeugt
849 2768 952 2824 werde,
988 2767 1200 2816 ndmlieh'dureh

126 2835 253 2897 lielerung
286 2837 348 2885 noeh
383 2836 557 2899 gegenwdrtig
591 2837 642 2886 und
684 2834 874 2884 einleuehtende
892 2835 1016 2887 Beweise.

128 2903 642 2954 forthestehendhelraehtetwerdenkdn-
718 2897 767 2958 28.
789 2904 830 2954 63.
851 2900 1111 2967 Dioqorosauslllelos,
1128 2901 1201 2951 einer

128 2986 183 3029 nen,
206 2971 305 3021 ohwohl
322 2971 359 3021 sie
378 2972 510 3034 eigentlieh
525 2971 642 3022 derVer-
685 2969 731 3019 der
749 2969 886 3037 Cylladen,
907 2969 1070 3033 Zeitgenosse
1087 2985 1136 3018 von
1149 2968 1202 3019 De·

129 3037 279 3100 gangenheit
304 3040 462 3100 angehdren,
496 3054 524 3088 so
549 3040 641 3088 lonnte
684 3037 783 3094 mokrit,
805 3037 972 3099 Protagoras,
995 3036 1124 3086 Sokrates.
1162 3036 1202 3086 Er

129 3104 181 3154 sieh
200 3104 288 3154 Cieero
307 3106 433 3163 erlauhen,
456 3106 549 3156 diesem
566 3107 642 3156 Saeh-
683 3120 740 3154 war
763 3106 825 3154 auch
848 3104 975 3172 lyriseher
997 3103 1115 3162 Dichter,
1148 3105 1201 3154 und

128 3171 280 3221 verhdltniss
298 3177 395 3234 gemdss
414 3173 459 3222 das
477 3173 585 3239 Tempus
609 3175 643 3223 im
684 3173 767 3235 einige
786 3187 832 3222 aus
849 3170 935 3221 seinen
954 3169 1093 3220 Gediehten
1117 3171 1211 3220 erhal·.

128 3237 285 3288 Relativsatz
302 3256 330 3288 so
349 3256 380 3288 zu
398 3247 492 3296 setzen,
516 3241 554 3292 als
571 3243 642 3290 ware
684 3248 742 3290 tene
759 3239 841 3290 Verse
868 3240 968 3288 athmen
992 3239 1048 3288 eine
1067 3239 1201 3288 durehaus

130 3306 198 3356 nieht
216 3306 284 3363 dieit,
305 3308 413 3356 sondern
431 3307 496 3357 dixit
507 3309 642 3372 vorherge-
684 3307 803 3370 religidse
814 3306 966 3368 Gesinnung.
995 3306 1055 3357 Seia
1072 3307 1201 3356 mehrfaeh

130 3388 236 3436 gangen.
280 3374 402 3440 Beispiele
439 3375 567 3425 dhnlieher
596 3379 643 3426 Art
684 3374 971 3437 hezeugterAtheismus
983 3389 1040 3437 mag
1057 3373 1202 3424 einerVer-

129 3441 185 3491 sind
203 3441 267 3491 ohan
285 3457 306 3491 e.
330 3446 368 3500 15,
390 3445 422 3495 39
435 3445 551 3506 (linerent
568 3452 642 3512 atque
685 3442 773 3505 irrung
795 3442 1083 3509 naturphilosophiseher
1107 3441 1201 3507 Specu-

128 3513 280 3568 manarent.)
316 3510 348 3559 ih.
386 3513 419 3562 40
451 3511 639 3578 (appellarent);
685 3511 795 3560 latiouen
813 3511 1009 3560 zuzusehreihen
1028 3510 1095 3567 sein<
1111 3524 1143 3558 zu
1156 3509 1200 3558 de·
1280 3540 1286 3547 ·

130 3579 223 3627 andere
242 3577 322 3640 gehen
333 3578 416 3628 llaase
429 3595 460 3628 zu
472 3579 559 3643 Reisig
569 3582 639 3629 Anrn.
686 3578 733 3627 ne'n
763 3593 792 3626 er
820 3579 896 3626 dureh
926 3577 1070 3634 Demolrit,
1109 3577 1202 3627 dessen

130 3647 179 3696 500
204 3662 227 3694 u.
254 3646 356 3718 Madvig
379 3663 410 3696 zu
435 3646 486 3696 Cie.
514 3646 545 3696 de
569 3648 640 3696 llinn.
685 3645 791 3694 Sehdler
807 3660 837 3694 er
854 3646 916 3695 auolr
935 3652 1052 3708 gewesen
1071 3643 1196 3702 seinsoll,

78 3723 80 3729 '
129 3727 153 3777 p.
174 3713 233 3763 464.
684 3712 735 3761 und
745 3712 821 3760 dureh
831 3712 984 3774 Protagoras
994 3719 1117 3774 angeregt
1126 3726 1198 3770 war3

117 3779 119 3784 ’
165 3797 204 3843 eqo
229 3785 278 3845 ipse
296 3808 328 3817 —
352 3786 398 3858 is..
417 3782 494 3858 ilitreh¹
511 3780 567 3858 hier
592 3780 642 3829 wie
685 3778 797 3841 ohgleieh
816 3781 878 3829 aueh
898 3781 992 3830 andere
1010 3779 1138 3858 Ursaehen
1156 3790 1215 3858 an·

130 3845 197 3964 llll
218 3848 644 3977 ltltitllnl⁰ltl⁰al⁶llt
684 3847 977 3969 titillantia,
995 3846 1201 3980 {solidani}
