<?xml version="1.0" encoding="UTF-8"?>
<!DOCTYPE html PUBLIC "-//W3C//DTD XHTML 1.0 Transitional//EN"
    "http://www.w3.org/TR/xhtml1/DTD/xhtml1-transitional.dtd">
<html xmlns="http://www.w3.org/1999/xhtml" xml:lang="en" lang="en">
 <head>
  <title>
</title>
<meta http-equiv="Content-Type" content="text/html;charset=utf-8" />
  <meta name='ocr-system' content='tesseract 3.04.00' />
  <meta name='ocr-capabilities' content='ocr_page ocr_carea ocr_par ocr_line ocrx_word'/>
</head>
<body>
  <div class='ocr_page' id='page_1' title='image "./mtulliciceronis07cicegoog_0142.png"; bbox 0 0 2640 4418; ppageno 0'>
   <div class='ocr_carea' id='block_1_1' title="bbox 474 282 1246 391">
    <p class='ocr_par' dir='ltr' id='par_1_1' title="bbox 474 282 1246 391">
     <span class='ocr_line' id='line_1_1' title="bbox 474 282 1246 391; baseline 0.003 -2"><span class='ocrx_word' id='word_1_1' title='bbox 474 338 535 389; x_wconf 80' lang='lat' dir='ltr'><strong>uro.</strong></span> <span class='ocrx_word' id='word_1_2' title='bbox 556 337 587 389; x_wconf 91' lang='lat' dir='ltr'><strong>u.</strong></span> <span class='ocrx_word' id='word_1_3' title='bbox 609 282 741 390; x_wconf 63' lang='lat' dir='ltr'><strong>circs</strong></span> <span class='ocrx_word' id='word_1_4' title='bbox 763 339 805 390; x_wconf 71' lang='lat' dir='ltr'><strong>aa.</strong></span> <span class='ocrx_word' id='word_1_5' title='bbox 1015 284 1016 287; x_wconf 5' lang='grc' dir='ltr'>Ὺ</span> <span class='ocrx_word' id='word_1_6' title='bbox 1108 328 1165 391; x_wconf 84' lang='lat'><strong>131</strong></span> <span class='ocrx_word' id='word_1_7' title='bbox 1244 282 1246 289; x_wconf 35' lang='lat'><strong>¹</strong></span> 
     </span>
    </p>
   </div>
   <div class='ocr_carea' id='block_1_2' title="bbox 43 491 1280 2278">
    <p class='ocr_par' dir='ltr' id='par_1_2' title="bbox 101 491 1167 575">
     <span class='ocr_line' id='line_1_2' title="bbox 101 491 1167 575; baseline 0.001 -20"><span class='ocrx_word' id='word_1_8' title='bbox 101 495 239 575; x_wconf 81' lang='lat' dir='ltr'>pellatur,</span> <span class='ocrx_word' id='word_1_9' title='bbox 262 502 295 555; x_wconf 92' lang='lat' dir='ltr'><strong>ut</strong></span> <span class='ocrx_word' id='word_1_10' title='bbox 317 513 351 556; x_wconf 85' lang='lat' dir='ltr'><strong>ea</strong></span> <span class='ocrx_word' id='word_1_11' title='bbox 373 494 439 572; x_wconf 90' lang='lat' dir='ltr'><strong>ipsa</strong></span> <span class='ocrx_word' id='word_1_12' title='bbox 453 495 624 555; x_wconf 90' lang='lat' dir='ltr'><strong>nominetur</strong></span> <span class='ocrx_word' id='word_1_13' title='bbox 641 492 725 565; x_wconf 84' lang='lat' dir='ltr'><strong>deus,</strong></span> <span class='ocrx_word' id='word_1_14' title='bbox 748 499 781 552; x_wconf 92' lang='lat' dir='ltr'><strong>ut</strong></span> <span class='ocrx_word' id='word_1_15' title='bbox 802 491 902 566; x_wconf 84' lang='lat' dir='ltr'>Fides,</span> <span class='ocrx_word' id='word_1_16' title='bbox 925 495 1070 555; x_wconf 90' lang='lat' dir='ltr'><strong>ntllens:</strong></span> <span class='ocrx_word' id='word_1_17' title='bbox 1094 512 1167 573; x_wconf 87' lang='lat' dir='ltr'><strong>quas</strong></span> 
     </span>
    </p>

    <p class='ocr_par' dir='ltr' id='par_1_3' title="bbox 102 568 1211 1421">
     <span class='ocr_line' id='line_1_3' title="bbox 104 568 1166 658; baseline 0 -17"><span class='ocrx_word' id='word_1_18' title='bbox 104 581 135 641; x_wconf 92' lang='lat' dir='ltr'><strong>in</strong></span> <span class='ocrx_word' id='word_1_19' title='bbox 158 579 305 658; x_wconf 80' lang='lat' dir='ltr'><strong>Capitolio</strong></span> <span class='ocrx_word' id='word_1_20' title='bbox 328 579 481 640; x_wconf 84' lang='lat' dir='ltr'><strong>dedicatas</strong></span> <span class='ocrx_word' id='word_1_21' title='bbox 491 579 627 641; x_wconf 91' lang='lat' dir='ltr'><strong>videmus</strong></span> <span class='ocrx_word' id='word_1_22' title='bbox 648 577 783 655; x_wconf 85' lang='lat' dir='ltr'><strong>proxime</strong></span> <span class='ocrx_word' id='word_1_23' title='bbox 806 595 821 636; x_wconf 95' lang='lat' dir='ltr'><strong>a</strong></span> <span class='ocrx_word' id='word_1_24' title='bbox 844 578 882 648; x_wconf 80' lang='lat' dir='ltr'><strong>bl.</strong></span> <span class='ocrx_word' id='word_1_25' title='bbox 896 568 1021 648; x_wconf 76' lang='lat' dir='ltr'><strong>Aemilio</strong></span> <span class='ocrx_word' id='word_1_26' title='bbox 1037 579 1166 651; x_wconf 88' lang='lat' dir='ltr'><strong>Scauro:</strong></span> 
     </span>
     <span class='ocr_line' id='line_1_4' title="bbox 104 652 1169 747; baseline 0 -21"><span class='ocrx_word' id='word_1_27' title='bbox 104 673 172 747; x_wconf 82' lang='lat' dir='ltr'><strong>ante</strong></span> <span class='ocrx_word' id='word_1_28' title='bbox 195 671 293 724; x_wconf 91' lang='lat' dir='ltr'><strong>autem</strong></span> <span class='ocrx_word' id='word_1_29' title='bbox 315 663 351 724; x_wconf 93' lang='lat' dir='ltr'><strong>ab</strong></span> <span class='ocrx_word' id='word_1_30' title='bbox 374 663 480 738; x_wconf 44' lang='lat' dir='ltr'><strong>attilio,</strong></span> <span class='ocrx_word' id='word_1_31' title='bbox 498 652 632 738; x_wconf 72' lang='lat' dir='ltr'><strong>(laiatico</strong></span> <span class='ocrx_word' id='word_1_32' title='bbox 655 670 719 723; x_wconf 91' lang='lat' dir='ltr'><strong>erat</strong></span> <span class='ocrx_word' id='word_1_33' title='bbox 739 660 829 724; x_wconf 85' lang='lat' dir='ltr'><strong>Fides</strong></span> <span class='ocrx_word' id='word_1_34' title='bbox 853 671 1037 724; x_wconf 87' lang='lat' dir='ltr'><strong>consecrata.</strong></span> <span class='ocrx_word' id='word_1_35' title='bbox 1079 663 1169 727; x_wconf 91' lang='lat' dir='ltr'><strong>Vides</strong></span> 
     </span>
     <span class='ocr_line' id='line_1_5' title="bbox 102 747 1169 827; baseline 0.001 -18"><span class='ocrx_word' id='word_1_36' title='bbox 102 747 227 809; x_wconf 78' lang='lat' dir='ltr'><strong>Virtutis</strong></span> <span class='ocrx_word' id='word_1_37' title='bbox 259 749 409 827; x_wconf 88' lang='lat' dir='ltr'><strong>templum,</strong></span> <span class='ocrx_word' id='word_1_38' title='bbox 441 749 524 810; x_wconf 93' lang='lat' dir='ltr'><strong>vides</strong></span> <span class='ocrx_word' id='word_1_39' title='bbox 546 747 677 809; x_wconf 85' lang='lat' dir='ltr'><strong>Honoris</strong></span> <span class='ocrx_word' id='word_1_40' title='bbox 710 747 786 807; x_wconf 86' lang='lat' dir='ltr'><strong>alll.</strong></span> <span class='ocrx_word' id='word_1_41' title='bbox 808 747 947 807; x_wconf 88' lang='lat' dir='ltr'><strong>Marcello</strong></span> <span class='ocrx_word' id='word_1_42' title='bbox 977 757 1169 826; x_wconf 83' lang='lat' dir='ltr'><strong>renovatum3</strong></span> 
     </span>
     <span class='ocr_line' id='line_1_6' title="bbox 104 830 1169 912; baseline 0.003 -19"><span class='ocrx_word' id='word_1_43' title='bbox 104 833 183 912; x_wconf 89' lang='lat' dir='ltr'><strong>quod</strong></span> <span class='ocrx_word' id='word_1_44' title='bbox 214 832 315 893; x_wconf 89' lang='lat' dir='ltr'><strong>multis</strong></span> <span class='ocrx_word' id='word_1_45' title='bbox 349 844 417 893; x_wconf 89' lang='lat' dir='ltr'><strong>ante</strong></span> <span class='ocrx_word' id='word_1_46' title='bbox 450 833 537 893; x_wconf 90' lang='lat' dir='ltr'><strong>aunis</strong></span> <span class='ocrx_word' id='word_1_47' title='bbox 569 840 633 893; x_wconf 90' lang='lat' dir='ltr'><strong>erat</strong></span> <span class='ocrx_word' id='word_1_48' title='bbox 667 830 747 905; x_wconf 92' lang='lat' dir='ltr'><strong>bello</strong></span> <span class='ocrx_word' id='word_1_49' title='bbox 769 831 921 909; x_wconf 87' lang='lat' dir='ltr'><strong>Ligustico</strong></span> <span class='ocrx_word' id='word_1_50' title='bbox 944 852 960 893; x_wconf 96' lang='lat' dir='ltr'><strong>a</strong></span> <span class='ocrx_word' id='word_1_51' title='bbox 985 832 1020 906; x_wconf 83' lang='lat' dir='ltr'><strong>Q.</strong></span> <span class='ocrx_word' id='word_1_52' title='bbox 1042 834 1169 896; x_wconf 86' lang='lat' dir='ltr'><strong>Maximo</strong></span> 
     </span>
     <span class='ocr_line' id='line_1_7' title="bbox 104 912 1211 997; baseline 0.003 -19"><span class='ocrx_word' id='word_1_53' title='bbox 104 917 284 979; x_wconf 88' lang='lat' dir='ltr'><strong>dedicatum.</strong></span> <span class='ocrx_word' id='word_1_54' title='bbox 330 918 408 990; x_wconf 87' lang='lat' dir='ltr'><strong>Quid</strong></span> <span class='ocrx_word' id='word_1_55' title='bbox 443 914 541 996; x_wconf 75' lang='lat' dir='ltr'><strong>Opis?</strong></span> <span class='ocrx_word' id='word_1_56' title='bbox 573 916 643 996; x_wconf 88' lang='lat' dir='ltr'><strong>quid</strong></span> <span class='ocrx_word' id='word_1_57' title='bbox 677 912 823 997; x_wconf 48' lang='lat' dir='ltr'><strong>Salutis‘d</strong></span> <span class='ocrx_word' id='word_1_58' title='bbox 845 916 915 994; x_wconf 88' lang='lat' dir='ltr'><strong>quid</strong></span> <span class='ocrx_word' id='word_1_59' title='bbox 957 916 1171 994; x_wconf 79' lang='lat' dir='ltr'><strong>Concordiae?</strong></span> <span class='ocrx_word' id='word_1_60' title='bbox 1208 953 1211 957; x_wconf 40' lang='grc'>’</span> 
     </span>
     <span class='ocr_line' id='line_1_8' title="bbox 102 998 1171 1082; baseline 0.001 -18"><span class='ocrx_word' id='word_1_61' title='bbox 102 998 286 1064; x_wconf 73' lang='lat' dir='ltr'><strong>Libertatis?</strong></span> <span class='ocrx_word' id='word_1_62' title='bbox 318 999 489 1063; x_wconf 75' lang='lat' dir='ltr'><strong>Victoriae?</strong></span> <span class='ocrx_word' id='word_1_63' title='bbox 526 1020 649 1082; x_wconf 87' lang='lat' dir='ltr'><strong>quarum</strong></span> <span class='ocrx_word' id='word_1_64' title='bbox 672 1001 804 1062; x_wconf 91' lang='lat' dir='ltr'><strong>omnium</strong></span> <span class='ocrx_word' id='word_1_65' title='bbox 827 1019 925 1062; x_wconf 88' lang='lat' dir='ltr'><strong>rerum</strong></span> <span class='ocrx_word' id='word_1_66' title='bbox 949 1001 1017 1079; x_wconf 88' lang='lat' dir='ltr'><strong>quia</strong></span> <span class='ocrx_word' id='word_1_67' title='bbox 1039 1003 1083 1063; x_wconf 89' lang='lat' dir='ltr'><strong>vis</strong></span> <span class='ocrx_word' id='word_1_68' title='bbox 1108 1014 1171 1066; x_wconf 86' lang='lat' dir='ltr'><strong>erat</strong></span> 
     </span>
     <span class='ocr_line' id='line_1_9' title="bbox 103 1084 1171 1166; baseline 0.002 -18"><span class='ocrx_word' id='word_1_69' title='bbox 103 1096 200 1162; x_wconf 85' lang='lat' dir='ltr'><strong>tanta,</strong></span> <span class='ocrx_word' id='word_1_70' title='bbox 223 1097 256 1147; x_wconf 96' lang='lat' dir='ltr'><strong>ut</strong></span> <span class='ocrx_word' id='word_1_71' title='bbox 278 1087 343 1147; x_wconf 93' lang='lat' dir='ltr'><strong>sine</strong></span> <span class='ocrx_word' id='word_1_72' title='bbox 366 1088 422 1146; x_wconf 88' lang='lat' dir='ltr'><strong>deo</strong></span> <span class='ocrx_word' id='word_1_73' title='bbox 444 1087 507 1164; x_wconf 88' lang='lat' dir='ltr'><strong>regi</strong></span> <span class='ocrx_word' id='word_1_74' title='bbox 530 1105 590 1148; x_wconf 91' lang='lat' dir='ltr'><strong>non</strong></span> <span class='ocrx_word' id='word_1_75' title='bbox 612 1096 730 1166; x_wconf 87' lang='lat' dir='ltr'><strong>posset,</strong></span> <span class='ocrx_word' id='word_1_76' title='bbox 754 1084 822 1164; x_wconf 87' lang='lat' dir='ltr'><strong>ipsa</strong></span> <span class='ocrx_word' id='word_1_77' title='bbox 844 1104 893 1146; x_wconf 85' lang='lat' dir='ltr'><strong>res</strong></span> <span class='ocrx_word' id='word_1_78' title='bbox 915 1086 1039 1146; x_wconf 91' lang='lat' dir='ltr'><strong>deorum</strong></span> <span class='ocrx_word' id='word_1_79' title='bbox 1060 1106 1171 1150; x_wconf 91' lang='lat' dir='ltr'><strong>nomen</strong></span> 
     </span>
     <span class='ocr_line' id='line_1_10' title="bbox 105 1162 1171 1251; baseline 0.001 -19"><span class='ocrx_word' id='word_1_80' title='bbox 105 1171 244 1250; x_wconf 76' lang='lat' dir='ltr'><strong>obtinuit.</strong></span> <span class='ocrx_word' id='word_1_81' title='bbox 289 1172 355 1243; x_wconf 80' lang='lat' dir='ltr'><strong>Quo</strong></span> <span class='ocrx_word' id='word_1_82' title='bbox 379 1189 414 1231; x_wconf 85' lang='lat' dir='ltr'><strong>ex</strong></span> <span class='ocrx_word' id='word_1_83' title='bbox 446 1189 555 1248; x_wconf 84' lang='lat' dir='ltr'><strong>genere</strong></span> <span class='ocrx_word' id='word_1_84' title='bbox 578 1162 736 1251; x_wconf 81' lang='lat' dir='ltr'><strong>Cupidinis</strong></span> <span class='ocrx_word' id='word_1_85' title='bbox 758 1179 788 1230; x_wconf 95' lang='lat' dir='ltr'><strong>et</strong></span> <span class='ocrx_word' id='word_1_86' title='bbox 811 1169 978 1247; x_wconf 79' lang='lat' dir='ltr'><strong>Voluptatis</strong></span> <span class='ocrx_word' id='word_1_87' title='bbox 1001 1179 1032 1231; x_wconf 81' lang='lat' dir='ltr'><strong>et</strong></span> <span class='ocrx_word' id='word_1_88' title='bbox 1051 1172 1171 1233; x_wconf 91' lang='lat' dir='ltr'><strong>Luben-</strong></span> 
     </span>
     <span class='ocr_line' id='line_1_11' title="bbox 105 1254 1170 1327; baseline 0 -9"><span class='ocrx_word' id='word_1_89' title='bbox 105 1258 184 1318; x_wconf 84' lang='lat' dir='ltr'><strong>tinae</strong></span> <span class='ocrx_word' id='word_1_90' title='bbox 206 1255 330 1317; x_wconf 82' lang='lat' dir='ltr'><strong>Veneris</strong></span> <span class='ocrx_word' id='word_1_91' title='bbox 362 1255 506 1317; x_wconf 87' lang='lat' dir='ltr'><strong>vocabula</strong></span> <span class='ocrx_word' id='word_1_92' title='bbox 538 1263 710 1319; x_wconf 88' lang='lat' dir='ltr'><strong>consecrata</strong></span> <span class='ocrx_word' id='word_1_93' title='bbox 746 1264 830 1327; x_wconf 89' lang='lat' dir='ltr'><strong>suut,</strong></span> <span class='ocrx_word' id='word_1_94' title='bbox 865 1254 1039 1315; x_wconf 88' lang='lat' dir='ltr'><strong>vitiosarum</strong></span> <span class='ocrx_word' id='word_1_95' title='bbox 1071 1275 1170 1318; x_wconf 91' lang='lat' dir='ltr'><strong>rerum</strong></span> 
     </span>
     <span class='ocr_line' id='line_1_12' title="bbox 102 1338 1172 1421; baseline 0 -19"><span class='ocrx_word' id='word_1_96' title='bbox 102 1359 199 1420; x_wconf 88' lang='lat' dir='ltr'><strong>neque</strong></span> <span class='ocrx_word' id='word_1_97' title='bbox 222 1339 628 1421; x_wconf 62' lang='lat' dir='ltr'><strong>naturalium‚*quamq11am</strong></span> <span class='ocrx_word' id='word_1_98' title='bbox 649 1339 778 1402; x_wconf 88' lang='lat' dir='ltr'><strong>Velleius</strong></span> <span class='ocrx_word' id='word_1_99' title='bbox 813 1338 899 1400; x_wconf 90' lang='lat' dir='ltr'><strong>aliter</strong></span> <span class='ocrx_word' id='word_1_100' title='bbox 920 1339 1083 1413; x_wconf 61' lang='lat' dir='ltr'><strong>existiman</strong></span> <span class='ocrx_word' id='word_1_101' title='bbox 1116 1342 1172 1402; x_wconf 91' lang='lat' dir='ltr'><strong>sed</strong></span> 
     </span>
    </p>

    <p class='ocr_par' dir='ltr' id='par_1_4' title="bbox 43 1424 1280 2278">
     <span class='ocr_line' id='line_1_13' title="bbox 64 1424 1171 1503; baseline -0.001 -17"><span class='ocrx_word' id='word_1_102' title='bbox 64 1430 67 1439; x_wconf 44' lang='lat'>⁸</span> <span class='ocrx_word' id='word_1_103' title='bbox 103 1436 204 1486; x_wconf 88' lang='lat' dir='ltr'><strong>tamen</strong></span> <span class='ocrx_word' id='word_1_104' title='bbox 237 1442 272 1485; x_wconf 89' lang='lat' dir='ltr'><strong>ea</strong></span> <span class='ocrx_word' id='word_1_105' title='bbox 295 1424 472 1503; x_wconf 72' lang='lat' dir='ltr'><strong>ipsavitia</strong></span> <span class='ocrx_word' id='word_1_106' title='bbox 512 1438 648 1487; x_wconf 90' lang='lat' dir='ltr'><strong>naturam</strong></span> <span class='ocrx_word' id='word_1_107' title='bbox 681 1424 885 1486; x_wconf 86' lang='lat' dir='ltr'><strong>vehementius</strong></span> <span class='ocrx_word' id='word_1_108' title='bbox 918 1442 1009 1502; x_wconf 90' lang='lat' dir='ltr'><strong>saepe</strong></span> <span class='ocrx_word' id='word_1_109' title='bbox 1042 1424 1171 1503; x_wconf 87' lang='lat' dir='ltr'><strong>pulsant.</strong></span> 
     </span>
     <span class='ocr_line' id='line_1_14' title="bbox 104 1508 1233 1588; baseline 0.001 -19"><span class='ocrx_word' id='word_1_110' title='bbox 104 1508 269 1569; x_wconf 89' lang='lat' dir='ltr'><strong>Utilitatum</strong></span> <span class='ocrx_word' id='word_1_111' title='bbox 291 1508 382 1584; x_wconf 89' lang='lat' dir='ltr'><strong>igitur</strong></span> <span class='ocrx_word' id='word_1_112' title='bbox 402 1509 605 1586; x_wconf 89' lang='lat' dir='ltr'><strong>magnitudine</strong></span> <span class='ocrx_word' id='word_1_113' title='bbox 629 1509 782 1571; x_wconf 88' lang='lat' dir='ltr'><strong>constituti</strong></span> <span class='ocrx_word' id='word_1_114' title='bbox 805 1519 875 1570; x_wconf 92' lang='lat' dir='ltr'><strong>sunt</strong></span> <span class='ocrx_word' id='word_1_115' title='bbox 895 1508 917 1569; x_wconf 89' lang='lat' dir='ltr'><strong>ii</strong></span> <span class='ocrx_word' id='word_1_116' title='bbox 940 1509 992 1582; x_wconf 89' lang='lat' dir='ltr'><strong>dii,</strong></span> <span class='ocrx_word' id='word_1_117' title='bbox 1017 1509 1067 1588; x_wconf 89' lang='lat' dir='ltr'><strong>qui</strong></span> <span class='ocrx_word' id='word_1_118' title='bbox 1089 1509 1169 1570; x_wconf 91' lang='lat' dir='ltr'><strong>utili·</strong></span> <span class='ocrx_word' id='word_1_119' title='bbox 1185 1521 1233 1572; x_wconf 57' lang='grc' dir='ltr'><strong>θῇ·</strong></span> 
     </span>
     <span class='ocr_line' id='line_1_15' title="bbox 104 1593 1172 1674; baseline 0.002 -21"><span class='ocrx_word' id='word_1_120' title='bbox 104 1601 181 1654; x_wconf 85' lang='lat' dir='ltr'><strong>tates</strong></span> <span class='ocrx_word' id='word_1_121' title='bbox 205 1610 338 1670; x_wconf 86' lang='lat' dir='ltr'><strong>quasque</strong></span> <span class='ocrx_word' id='word_1_122' title='bbox 360 1593 529 1670; x_wconf 81' lang='lat' dir='ltr'><strong>gignebant.</strong></span> <span class='ocrx_word' id='word_1_123' title='bbox 572 1596 668 1674; x_wconf 78' lang='lat' dir='ltr'><strong>Atque</strong></span> <span class='ocrx_word' id='word_1_124' title='bbox 686 1594 734 1654; x_wconf 93' lang='lat' dir='ltr'><strong>bis</strong></span> <span class='ocrx_word' id='word_1_125' title='bbox 757 1594 877 1674; x_wconf 88' lang='lat' dir='ltr'><strong>quidem</strong></span> <span class='ocrx_word' id='word_1_126' title='bbox 891 1593 1072 1667; x_wconf 90' lang='lat' dir='ltr'><strong>nominibus,</strong></span> <span class='ocrx_word' id='word_1_127' title='bbox 1096 1613 1172 1674; x_wconf 88' lang='lat' dir='ltr'><strong>quae</strong></span> 
     </span>
     <span class='ocr_line' id='line_1_16' title="bbox 104 1676 1170 1761; baseline 0.003 -24"><span class='ocrx_word' id='word_1_128' title='bbox 104 1676 204 1757; x_wconf 85' lang='lat' dir='ltr'><strong>paullo</strong></span> <span class='ocrx_word' id='word_1_129' title='bbox 228 1684 295 1739; x_wconf 87' lang='lat' dir='ltr'><strong>ante</strong></span> <span class='ocrx_word' id='word_1_130' title='bbox 317 1676 395 1761; x_wconf 88' lang='lat' dir='ltr'><strong>dicta</strong></span> <span class='ocrx_word' id='word_1_131' title='bbox 418 1686 497 1752; x_wconf 89' lang='lat' dir='ltr'><strong>sunt,</strong></span> <span class='ocrx_word' id='word_1_132' title='bbox 521 1679 654 1757; x_wconf 88' lang='lat' dir='ltr'><strong>quaevis</strong></span> <span class='ocrx_word' id='word_1_133' title='bbox 677 1679 716 1739; x_wconf 91' lang='lat' dir='ltr'><strong>sit</strong></span> <span class='ocrx_word' id='word_1_134' title='bbox 737 1679 767 1739; x_wconf 91' lang='lat' dir='ltr'><strong>in</strong></span> <span class='ocrx_word' id='word_1_135' title='bbox 783 1698 901 1758; x_wconf 88' lang='lat' dir='ltr'><strong>quoque</strong></span> <span class='ocrx_word' id='word_1_136' title='bbox 914 1679 1082 1744; x_wconf 85' lang='lat' dir='ltr'><strong>declaratur</strong></span> <span class='ocrx_word' id='word_1_137' title='bbox 1103 1679 1170 1740; x_wconf 88' lang='lat' dir='ltr'><strong>deo.</strong></span> 
     </span>
     <span class='ocr_line' id='line_1_17' title="bbox 106 1761 1230 1843; baseline 0.004 -21"><span class='ocrx_word' id='word_1_138' title='bbox 106 1762 246 1840; x_wconf 88' lang='lat' dir='ltr'><strong>Suscepit</strong></span> <span class='ocrx_word' id='word_1_139' title='bbox 277 1769 373 1822; x_wconf 77' lang='lat' dir='ltr'><strong>erstem</strong></span> <span class='ocrx_word' id='word_1_140' title='bbox 397 1761 455 1823; x_wconf 83' lang='lat' dir='ltr'><strong>vita</strong></span> <span class='ocrx_word' id='word_1_141' title='bbox 488 1764 641 1830; x_wconf 88' lang='lat' dir='ltr'><strong>bominum</strong></span> <span class='ocrx_word' id='word_1_142' title='bbox 668 1763 912 1843; x_wconf 83' lang='lat' dir='ltr'><strong>consuetudoque</strong></span> <span class='ocrx_word' id='word_1_143' title='bbox 935 1764 1117 1839; x_wconf 59' lang='lat' dir='ltr'><strong>communis</strong></span> <span class='ocrx_word' id='word_1_144' title='bbox 1139 1773 1172 1826; x_wconf 94' lang='lat' dir='ltr'><strong>ut</strong></span> <span class='ocrx_word' id='word_1_145' title='bbox 1186 1761 1230 1832; x_wconf 81' lang='lat'><strong>24</strong></span> 
     </span>
     <span class='ocr_line' id='line_1_18' title="bbox 103 1846 1280 1909; baseline -0.002 -3"><span class='ocrx_word' id='word_1_146' title='bbox 103 1846 261 1907; x_wconf 88' lang='lat' dir='ltr'><strong>beneficiis</strong></span> <span class='ocrx_word' id='word_1_147' title='bbox 284 1846 460 1907; x_wconf 85' lang='lat' dir='ltr'><strong>excellentes</strong></span> <span class='ocrx_word' id='word_1_148' title='bbox 481 1848 562 1908; x_wconf 85' lang='lat' dir='ltr'><strong>viros</strong></span> <span class='ocrx_word' id='word_1_149' title='bbox 590 1848 621 1908; x_wconf 91' lang='lat' dir='ltr'><strong>in</strong></span> <span class='ocrx_word' id='word_1_150' title='bbox 644 1849 757 1908; x_wconf 90' lang='lat' dir='ltr'><strong>caelum</strong></span> <span class='ocrx_word' id='word_1_151' title='bbox 787 1848 863 1908; x_wconf 86' lang='lat' dir='ltr'><strong>lama</strong></span> <span class='ocrx_word' id='word_1_152' title='bbox 887 1865 921 1907; x_wconf 91' lang='lat' dir='ltr'><strong>ac</strong></span> <span class='ocrx_word' id='word_1_153' title='bbox 942 1847 1093 1908; x_wconf 90' lang='lat' dir='ltr'><strong>voluntate</strong></span> <span class='ocrx_word' id='word_1_154' title='bbox 1116 1849 1172 1909; x_wconf 94' lang='lat' dir='ltr'><strong>tol·</strong></span> <span class='ocrx_word' id='word_1_155' title='bbox 1275 1892 1280 1904; x_wconf 44' lang='lat' dir='ltr'><em>s</em></span> 
     </span>
     <span class='ocr_line' id='line_1_19' title="bbox 56 1929 1172 2005; baseline 0.001 -14"><span class='ocrx_word' id='word_1_156' title='bbox 56 1934 62 1946; x_wconf 81' lang='grc'><strong>“</strong></span> <span class='ocrx_word' id='word_1_157' title='bbox 103 1931 208 1992; x_wconf 91' lang='lat' dir='ltr'><strong>lerent.</strong></span> <span class='ocrx_word' id='word_1_158' title='bbox 253 1929 330 1990; x_wconf 90' lang='lat' dir='ltr'><strong>Hinc</strong></span> <span class='ocrx_word' id='word_1_159' title='bbox 351 1930 509 2005; x_wconf 88' lang='lat' dir='ltr'><strong>Hercules,</strong></span> <span class='ocrx_word' id='word_1_160' title='bbox 532 1932 604 1994; x_wconf 90' lang='lat' dir='ltr'><strong>hinc</strong></span> <span class='ocrx_word' id='word_1_161' title='bbox 627 1932 732 1993; x_wconf 88' lang='lat' dir='ltr'><strong>Castor</strong></span> <span class='ocrx_word' id='word_1_162' title='bbox 754 1940 784 1992; x_wconf 92' lang='lat' dir='ltr'><strong>et</strong></span> <span class='ocrx_word' id='word_1_163' title='bbox 804 1932 918 2005; x_wconf 86' lang='lat' dir='ltr'><strong>Pollux,</strong></span> <span class='ocrx_word' id='word_1_164' title='bbox 940 1931 1012 1992; x_wconf 90' lang='lat' dir='ltr'><strong>hinc</strong></span> <span class='ocrx_word' id='word_1_165' title='bbox 1032 1932 1172 1993; x_wconf 83' lang='lat' dir='ltr'><strong>Aescula-</strong></span> 
     </span>
     <span class='ocr_line' id='line_1_20' title="bbox 104 2014 1171 2097; baseline 0.004 -23"><span class='ocrx_word' id='word_1_166' title='bbox 104 2015 182 2094; x_wconf 84' lang='lat' dir='ltr'><strong>pius,</strong></span> <span class='ocrx_word' id='word_1_167' title='bbox 214 2014 286 2075; x_wconf 91' lang='lat' dir='ltr'><strong>binc</strong></span> <span class='ocrx_word' id='word_1_168' title='bbox 307 2015 522 2097; x_wconf 28' lang='lat' dir='ltr'><strong>Liberyetiam3</strong></span> <span class='ocrx_word' id='word_1_169' title='bbox 555 2017 634 2078; x_wconf 89' lang='lat' dir='ltr'><strong>bunc</strong></span> <span class='ocrx_word' id='word_1_170' title='bbox 661 2017 729 2077; x_wconf 92' lang='lat' dir='ltr'><strong>dico</strong></span> <span class='ocrx_word' id='word_1_171' title='bbox 751 2015 891 2077; x_wconf 90' lang='lat' dir='ltr'><strong>Liberum</strong></span> <span class='ocrx_word' id='word_1_172' title='bbox 916 2016 1031 2077; x_wconf 87' lang='lat' dir='ltr'><strong>Semele</strong></span> <span class='ocrx_word' id='word_1_173' title='bbox 1059 2025 1171 2091; x_wconf 90' lang='lat' dir='ltr'><strong>natum,</strong></span> 
     </span>
     <span class='ocr_line' id='line_1_21' title="bbox 105 2101 1172 2180; baseline 0.005 -21"><span class='ocrx_word' id='word_1_174' title='bbox 105 2118 166 2159; x_wconf 92' lang='lat' dir='ltr'><strong>non</strong></span> <span class='ocrx_word' id='word_1_175' title='bbox 189 2119 256 2161; x_wconf 92' lang='lat' dir='ltr'><strong>eum</strong></span> <span class='ocrx_word' id='word_1_176' title='bbox 279 2116 365 2178; x_wconf 87' lang='lat' dir='ltr'><strong>quem</strong></span> <span class='ocrx_word' id='word_1_177' title='bbox 389 2101 484 2162; x_wconf 90' lang='lat' dir='ltr'><strong>nostri</strong></span> <span class='ocrx_word' id='word_1_178' title='bbox 506 2102 638 2163; x_wconf 91' lang='lat' dir='ltr'><strong>maiores</strong></span> <span class='ocrx_word' id='word_1_179' title='bbox 655 2113 778 2179; x_wconf 88' lang='lat' dir='ltr'><strong>auguste</strong></span> <span class='ocrx_word' id='word_1_180' title='bbox 798 2110 961 2180; x_wconf 86' lang='lat' dir='ltr'><strong>sancteque</strong></span> <span class='ocrx_word' id='word_1_181' title='bbox 983 2120 1048 2161; x_wconf 92' lang='lat' dir='ltr'><strong>cum</strong></span> <span class='ocrx_word' id='word_1_182' title='bbox 1065 2101 1172 2164; x_wconf 85' lang='lat' dir='ltr'><strong>Cerere</strong></span> 
     </span>
     <span class='ocr_line' id='line_1_22' title="bbox 43 2181 1172 2278; baseline 0.002 -32"><span class='ocrx_word' id='word_1_183' title='bbox 43 2254 51 2278; x_wconf 26' lang='lat' dir='ltr'><em>t</em></span> <span class='ocrx_word' id='word_1_184' title='bbox 106 2192 136 2246; x_wconf 89' lang='lat' dir='ltr'><strong>et</strong></span> <span class='ocrx_word' id='word_1_185' title='bbox 155 2185 264 2246; x_wconf 87' lang='lat' dir='ltr'><strong>Libera</strong></span> <span class='ocrx_word' id='word_1_186' title='bbox 297 2195 560 2249; x_wconf 78' lang='lat' dir='ltr'><strong>consecraverunt:</strong></span> <span class='ocrx_word' id='word_1_187' title='bbox 594 2187 673 2266; x_wconf 89' lang='lat' dir='ltr'><strong>quod</strong></span> <span class='ocrx_word' id='word_1_188' title='bbox 708 2186 793 2265; x_wconf 88' lang='lat' dir='ltr'><strong>quale</strong></span> <span class='ocrx_word' id='word_1_189' title='bbox 816 2185 865 2259; x_wconf 85' lang='lat' dir='ltr'><strong>sit,</strong></span> <span class='ocrx_word' id='word_1_190' title='bbox 898 2181 933 2247; x_wconf 73' lang='lat' dir='ltr'><strong>eri</strong></span> <span class='ocrx_word' id='word_1_191' title='bbox 954 2185 1103 2264; x_wconf 82' lang='lat' dir='ltr'><strong>mysteriis</strong></span> <span class='ocrx_word' id='word_1_192' title='bbox 1126 2187 1172 2248; x_wconf 91' lang='lat' dir='ltr'><strong>in-</strong></span> 
     </span>
    </p>
   </div>
   <div class='ocr_carea' id='block_1_3' title="bbox 92 2338 1259 4031">
    <p class='ocr_par' dir='ltr' id='par_1_5' title="bbox 92 2338 1259 4031">
     <span class='ocr_line' id='line_1_23' title="bbox 106 2338 1239 2409; baseline 0.004 -9"><span class='ocrx_word' id='word_1_193' title='bbox 106 2348 215 2407; x_wconf 89' lang='lat' dir='ltr'><strong>Menscb,</strong></span> <span class='ocrx_word' id='word_1_194' title='bbox 237 2350 336 2399; x_wconf 91' lang='lat' dir='ltr'><strong>obwohl</strong></span> <span class='ocrx_word' id='word_1_195' title='bbox 354 2367 381 2400; x_wconf 82' lang='lat' dir='ltr'><strong>es</strong></span> <span class='ocrx_word' id='word_1_196' title='bbox 397 2351 423 2399; x_wconf 92' lang='lat' dir='ltr'><strong>in</strong></span> <span class='ocrx_word' id='word_1_197' title='bbox 433 2352 481 2399; x_wconf 91' lang='lat' dir='ltr'><strong>ihm</strong></span> <span class='ocrx_word' id='word_1_198' title='bbox 493 2352 532 2409; x_wconf 88' lang='lat' dir='ltr'><strong>ist,</strong></span> <span class='ocrx_word' id='word_1_199' title='bbox 555 2353 616 2402; x_wconf 91' lang='lat' dir='ltr'><strong>docb</strong></span> <span class='ocrx_word' id='word_1_200' title='bbox 659 2357 715 2404; x_wconf 84' lang='lat' dir='ltr'><strong>tino.</strong></span> <span class='ocrx_word' id='word_1_201' title='bbox 741 2359 779 2389; x_wconf 88' lang='grc'><strong>-“</strong></span> <span class='ocrx_word' id='word_1_202' title='bbox 809 2338 923 2404; x_wconf 62' lang='lat' dir='ltr'><strong>Voc&#39;obclc</strong></span> <span class='ocrx_word' id='word_1_203' title='bbox 948 2361 1080 2404; x_wconf 83' lang='lat' dir='ltr'><strong>consecrata</strong></span> <span class='ocrx_word' id='word_1_204' title='bbox 1102 2362 1171 2406; x_wconf 84' lang='lat' dir='ltr'><strong>sunt:</strong></span> <span class='ocrx_word' id='word_1_205' title='bbox 1224 2356 1239 2374; x_wconf 59' lang='grc'><strong>“</strong></span> 
     </span>
     <span class='ocr_line' id='line_1_24' title="bbox 106 2416 1170 2483; baseline 0.002 -16"><span class='ocrx_word' id='word_1_206' title='bbox 106 2417 146 2467; x_wconf 91' lang='lat' dir='ltr'><strong>ein</strong></span> <span class='ocrx_word' id='word_1_207' title='bbox 164 2433 212 2466; x_wconf 90' lang='lat' dir='ltr'><strong>von</strong></span> <span class='ocrx_word' id='word_1_208' title='bbox 230 2416 616 2483; x_wconf 77' lang='lat' dir='ltr'><strong>hdbcrenMaclrtenstnmmen-</strong></span> <span class='ocrx_word' id='word_1_209' title='bbox 659 2420 712 2469; x_wconf 90' lang='lat' dir='ltr'><strong>die</strong></span> <span class='ocrx_word' id='word_1_210' title='bbox 738 2418 857 2470; x_wconf 81' lang='lat' dir='ltr'><strong>Numen</strong></span> <span class='ocrx_word' id='word_1_211' title='bbox 885 2419 957 2468; x_wconf 88' lang='lat' dir='ltr'><strong>sind</strong></span> <span class='ocrx_word' id='word_1_212' title='bbox 984 2435 1021 2468; x_wconf 91' lang='lat' dir='ltr'><strong>zu</strong></span> <span class='ocrx_word' id='word_1_213' title='bbox 1045 2418 1170 2469; x_wconf 83' lang='lat' dir='ltr'><strong>Benen-</strong></span> 
     </span>
     <span class='ocr_line' id='line_1_25' title="bbox 106 2485 1170 2552; baseline 0.003 -18"><span class='ocrx_word' id='word_1_214' title='bbox 106 2487 163 2543; x_wconf 86' lang='lat' dir='ltr'><strong>des,</strong></span> <span class='ocrx_word' id='word_1_215' title='bbox 194 2485 243 2534; x_wconf 89' lang='lat' dir='ltr'><strong>ibm</strong></span> <span class='ocrx_word' id='word_1_216' title='bbox 260 2485 616 2552; x_wconf 84' lang='lat' dir='ltr'><strong>mitgetbciltesodereinge-</strong></span> <span class='ocrx_word' id='word_1_217' title='bbox 659 2503 784 2550; x_wconf 86' lang='lat' dir='ltr'><strong>nuugeu</strong></span> <span class='ocrx_word' id='word_1_218' title='bbox 829 2486 1013 2550; x_wconf 83' lang='lat' dir='ltr'><strong>gd&#39;ttlicber</strong></span> <span class='ocrx_word' id='word_1_219' title='bbox 1047 2486 1170 2538; x_wconf 92' lang='lat' dir='ltr'><strong>Weseu</strong></span> 
     </span>
     <span class='ocr_line' id='line_1_26' title="bbox 105 2553 1245 2619; baseline 0.005 -17"><span class='ocrx_word' id='word_1_220' title='bbox 105 2555 204 2603; x_wconf 84' lang='lat' dir='ltr'><strong>lldsstes</strong></span> <span class='ocrx_word' id='word_1_221' title='bbox 227 2569 259 2602; x_wconf 88' lang='lat' dir='ltr'><strong>zu</strong></span> <span class='ocrx_word' id='word_1_222' title='bbox 280 2554 405 2604; x_wconf 87' lang='lat' dir='ltr'><strong>erkennen</strong></span> <span class='ocrx_word' id='word_1_223' title='bbox 424 2553 518 2619; x_wconf 82' lang='lat' dir='ltr'><strong>glaubt,</strong></span> <span class='ocrx_word' id='word_1_224' title='bbox 556 2555 612 2618; x_wconf 86' lang='lat' dir='ltr'><strong>Vgl.</strong></span> <span class='ocrx_word' id='word_1_225' title='bbox 659 2557 822 2618; x_wconf 79' lang='lat' dir='ltr'><strong>gemacht,</strong></span> <span class='ocrx_word' id='word_1_226' title='bbox 854 2556 908 2605; x_wconf 85' lang='lat' dir='ltr'><strong>liir:</strong></span> <span class='ocrx_word' id='word_1_227' title='bbox 938 2568 1006 2605; x_wconf 83' lang='lat' dir='ltr'><strong>man</strong></span> <span class='ocrx_word' id='word_1_228' title='bbox 1034 2556 1089 2605; x_wconf 86' lang='lat' dir='ltr'><strong>hat</strong></span> <span class='ocrx_word' id='word_1_229' title='bbox 1117 2556 1169 2606; x_wconf 88' lang='lat' dir='ltr'><strong>die</strong></span> <span class='ocrx_word' id='word_1_230' title='bbox 1244 2604 1245 2608; x_wconf 74' lang='grc'>,</span> 
     </span>
     <span class='ocr_line' id='line_1_27' title="bbox 106 2621 1169 2692; baseline 0.002 -21"><span class='ocrx_word' id='word_1_231' title='bbox 106 2637 127 2671; x_wconf 90' lang='lat' dir='ltr'><strong>c.</strong></span> <span class='ocrx_word' id='word_1_232' title='bbox 148 2624 187 2678; x_wconf 82' lang='lat'><strong>31,</strong></span> <span class='ocrx_word' id='word_1_233' title='bbox 211 2625 278 2684; x_wconf 29' lang='lat'><strong>712*</strong></span> <span class='ocrx_word' id='word_1_234' title='bbox 657 2624 714 2674; x_wconf 89' lang='lat' dir='ltr'><strong>mit</strong></span> <span class='ocrx_word' id='word_1_235' title='bbox 736 2625 838 2688; x_wconf 87' lang='lat' dir='ltr'><strong>jenen</strong></span> <span class='ocrx_word' id='word_1_236' title='bbox 857 2621 987 2692; x_wconf 32' lang='lat' dir='ltr'><strong>*Nomen</strong></span> <span class='ocrx_word' id='word_1_237' title='bbox 1015 2623 1169 2673; x_wconf 89' lang='lat' dir='ltr'><strong>bezeicb-</strong></span> 
     </span>
     <span class='ocr_line' id='line_1_28' title="bbox 92 2692 1098 2754; baseline 0 -14"><span class='ocrx_word' id='word_1_238' title='bbox 92 2726 100 2740; x_wconf 38' lang='lat' dir='ltr'><strong>c</strong></span> <span class='ocrx_word' id='word_1_239' title='bbox 139 2692 400 2744; x_wconf 74' lang='lat' dir='ltr'><strong>utlcmtltoScccroe</strong></span> <span class='ocrx_word' id='word_1_240' title='bbox 427 2692 615 2741; x_wconf 88' lang='lat' dir='ltr'><strong>etwaumdas</strong></span> <span class='ocrx_word' id='word_1_241' title='bbox 658 2692 1098 2754; x_wconf 80' lang='lat' dir='ltr'><strong>netepllingevergdttert.</strong></span> 
     </span>
     <span class='ocr_line' id='line_1_29' title="bbox 104 2756 1170 2822; baseline 0.001 -16"><span class='ocrx_word' id='word_1_242' title='bbox 104 2756 127 2806; x_wconf 89' lang='lat' dir='ltr'><strong>J.</strong></span> <span class='ocrx_word' id='word_1_243' title='bbox 144 2760 200 2815; x_wconf 80' lang='lat' dir='ltr'><strong>cto,</strong></span> <span class='ocrx_word' id='word_1_244' title='bbox 221 2774 261 2807; x_wconf 90' lang='lat' dir='ltr'><strong>wo</strong></span> <span class='ocrx_word' id='word_1_245' title='bbox 281 2774 309 2807; x_wconf 91' lang='lat' dir='ltr'><strong>er</strong></span> <span class='ocrx_word' id='word_1_246' title='bbox 322 2758 417 2808; x_wconf 85' lang='lat' dir='ltr'><strong>Censor</strong></span> <span class='ocrx_word' id='word_1_247' title='bbox 433 2773 498 2808; x_wconf 87' lang='lat' dir='ltr'><strong>war.</strong></span> <span class='ocrx_word' id='word_1_248' title='bbox 528 2758 617 2809; x_wconf 85' lang='lat' dir='ltr'><strong>Uebri-</strong></span> <span class='ocrx_word' id='word_1_249' title='bbox 657 2756 660 2760; x_wconf 74' lang='grc'>’</span> <span class='ocrx_word' id='word_1_250' title='bbox 693 2765 734 2813; x_wconf 83' lang='lat' dir='ltr'><strong>scd</strong></span> <span class='ocrx_word' id='word_1_251' title='bbox 751 2769 832 2812; x_wconf 83' lang='lat' dir='ltr'><strong>tameo.</strong></span> <span class='ocrx_word' id='word_1_252' title='bbox 862 2759 979 2822; x_wconf 87' lang='lat' dir='ltr'><strong>Obgleicb</strong></span> <span class='ocrx_word' id='word_1_253' title='bbox 998 2758 1038 2806; x_wconf 90' lang='lat' dir='ltr'><strong>die</strong></span> <span class='ocrx_word' id='word_1_254' title='bbox 1056 2757 1170 2809; x_wconf 92' lang='lat' dir='ltr'><strong>Wollust</strong></span> 
     </span>
     <span class='ocr_line' id='line_1_30' title="bbox 105 2825 1169 2886; baseline 0.002 -13"><span class='ocrx_word' id='word_1_255' title='bbox 105 2840 165 2886; x_wconf 91' lang='lat' dir='ltr'><strong>gens</strong></span> <span class='ocrx_word' id='word_1_256' title='bbox 192 2826 277 2874; x_wconf 87' lang='lat' dir='ltr'><strong>hatten</strong></span> <span class='ocrx_word' id='word_1_257' title='bbox 304 2830 372 2877; x_wconf 83' lang='lat' dir='ltr'><strong>Fides</strong></span> <span class='ocrx_word' id='word_1_258' title='bbox 396 2827 445 2874; x_wconf 90' lang='lat' dir='ltr'><strong>und</strong></span> <span class='ocrx_word' id='word_1_259' title='bbox 463 2830 525 2877; x_wconf 82' lang='lat' dir='ltr'><strong>Mens</strong></span> <span class='ocrx_word' id='word_1_260' title='bbox 553 2828 614 2876; x_wconf 82' lang='lat' dir='ltr'><strong>auch</strong></span> <span class='ocrx_word' id='word_1_261' title='bbox 659 2829 720 2876; x_wconf 92' lang='lat' dir='ltr'><strong>nach</strong></span> <span class='ocrx_word' id='word_1_262' title='bbox 740 2827 786 2876; x_wconf 86' lang='lat' dir='ltr'><strong>don</strong></span> <span class='ocrx_word' id='word_1_263' title='bbox 805 2826 922 2876; x_wconf 86' lang='lat' dir='ltr'><strong>Stoilern</strong></span> <span class='ocrx_word' id='word_1_264' title='bbox 946 2825 1014 2874; x_wconf 90' lang='lat' dir='ltr'><strong>nicht</strong></span> <span class='ocrx_word' id='word_1_265' title='bbox 1038 2833 1111 2875; x_wconf 81' lang='lat' dir='ltr'><strong>untur</strong></span> <span class='ocrx_word' id='word_1_266' title='bbox 1129 2826 1169 2875; x_wconf 86' lang='lat' dir='ltr'><strong>die</strong></span> 
     </span>
     <span class='ocr_line' id='line_1_31' title="bbox 106 2890 1259 2957; baseline 0.002 -17"><span class='ocrx_word' id='word_1_267' title='bbox 106 2893 192 2942; x_wconf 81' lang='lat' dir='ltr'><strong>frdher</strong></span> <span class='ocrx_word' id='word_1_268' title='bbox 209 2893 284 2940; x_wconf 87' lang='lat' dir='ltr'><strong>sehon</strong></span> <span class='ocrx_word' id='word_1_269' title='bbox 302 2890 405 2957; x_wconf 86' lang='lat' dir='ltr'><strong>Tempel</strong></span> <span class='ocrx_word' id='word_1_270' title='bbox 422 2893 447 2941; x_wconf 91' lang='lat' dir='ltr'><strong>iu</strong></span> <span class='ocrx_word' id='word_1_271' title='bbox 465 2892 534 2950; x_wconf 83' lang='lat' dir='ltr'><strong>llom,</strong></span> <span class='ocrx_word' id='word_1_272' title='bbox 553 2895 615 2955; x_wconf 33' lang='lat' dir='ltr'><strong>‘wie</strong></span> <span class='ocrx_word' id='word_1_273' title='bbox 658 2894 739 2956; x_wconf 84' lang='lat' dir='ltr'><strong>Diuge</strong></span> <span class='ocrx_word' id='word_1_274' title='bbox 763 2895 863 2955; x_wconf 82' lang='lat' dir='ltr'><strong>gebdrt,</strong></span> <span class='ocrx_word' id='word_1_275' title='bbox 897 2892 992 2941; x_wconf 89' lang='lat' dir='ltr'><strong>welche</strong></span> <span class='ocrx_word' id='word_1_276' title='bbox 1022 2892 1061 2954; x_wconf 89' lang='lat' dir='ltr'><strong>die</strong></span> <span class='ocrx_word' id='word_1_277' title='bbox 1087 2891 1170 2942; x_wconf 88' lang='lat' dir='ltr'><strong>Natur</strong></span> <span class='ocrx_word' id='word_1_278' title='bbox 1240 2892 1259 2914; x_wconf 60' lang='lat'><em>³</em></span> 
     </span>
     <span class='ocr_line' id='line_1_32' title="bbox 104 2958 1170 3023; baseline 0.002 -16"><span class='ocrx_word' id='word_1_279' title='bbox 104 2974 153 3007; x_wconf 90' lang='lat' dir='ltr'><strong>von</strong></span> <span class='ocrx_word' id='word_1_280' title='bbox 178 2959 224 3007; x_wconf 87' lang='lat' dir='ltr'><strong>der</strong></span> <span class='ocrx_word' id='word_1_281' title='bbox 247 2965 360 3007; x_wconf 89' lang='lat' dir='ltr'><strong>erstereu</strong></span> <span class='ocrx_word' id='word_1_282' title='bbox 393 2958 479 3009; x_wconf 91' lang='lat' dir='ltr'><strong>Cicero</strong></span> <span class='ocrx_word' id='word_1_283' title='bbox 506 2959 614 3021; x_wconf 88' lang='lat' dir='ltr'><strong>sogloicb</strong></span> <span class='ocrx_word' id='word_1_284' title='bbox 657 2961 773 3022; x_wconf 86' lang='lat' dir='ltr'><strong>verlangt</strong></span> <span class='ocrx_word' id='word_1_285' title='bbox 791 2964 836 3019; x_wconf 82' lang='lat' dir='ltr'><strong>(roc</strong></span> <span class='ocrx_word' id='word_1_286' title='bbox 859 2963 1001 3021; x_wconf 73' lang='lat' dir='ltr'><strong>naturales),</strong></span> <span class='ocrx_word' id='word_1_287' title='bbox 1029 2975 1056 3008; x_wconf 91' lang='lat' dir='ltr'><strong>so</strong></span> <span class='ocrx_word' id='word_1_288' title='bbox 1084 2969 1170 3023; x_wconf 84' lang='lat' dir='ltr'><strong>erregt</strong></span> 
     </span>
     <span class='ocr_line' id='line_1_33' title="bbox 105 3024 1188 3093; baseline 0.001 -18"><span class='ocrx_word' id='word_1_289' title='bbox 105 3025 184 3076; x_wconf 89' lang='lat' dir='ltr'><strong>selbst</strong></span> <span class='ocrx_word' id='word_1_290' title='bbox 219 3025 326 3088; x_wconf 86' lang='lat' dir='ltr'><strong>angiebt.</strong></span> <span class='ocrx_word' id='word_1_291' title='bbox 381 3030 464 3078; x_wconf 80' lang='lat' dir='ltr'><strong>Atilios</strong></span> <span class='ocrx_word' id='word_1_292' title='bbox 498 3024 615 3078; x_wconf 66' lang='lat' dir='ltr'><strong>bolotinus</strong></span> <span class='ocrx_word' id='word_1_293' title='bbox 658 3029 694 3077; x_wconf 89' lang='lat' dir='ltr'><strong>sie</strong></span> <span class='ocrx_word' id='word_1_294' title='bbox 714 3028 775 3077; x_wconf 90' lang='lat' dir='ltr'><strong>doch</strong></span> <span class='ocrx_word' id='word_1_295' title='bbox 794 3027 834 3076; x_wconf 88' lang='lat' dir='ltr'><strong>die</strong></span> <span class='ocrx_word' id='word_1_296' title='bbox 851 3025 934 3076; x_wconf 90' lang='lat' dir='ltr'><strong>Natur</strong></span> <span class='ocrx_word' id='word_1_297' title='bbox 951 3042 997 3089; x_wconf 83' lang='lat' dir='ltr'><strong>gar</strong></span> <span class='ocrx_word' id='word_1_298' title='bbox 1020 3028 1091 3085; x_wconf 84' lang='lat' dir='ltr'><strong>sehr,</strong></span> <span class='ocrx_word' id='word_1_299' title='bbox 1118 3028 1188 3093; x_wconf 71' lang='lat' dir='ltr'><strong>und*</strong></span> 
     </span>
     <span class='ocr_line' id='line_1_34' title="bbox 105 3093 1170 3162; baseline 0.005 -19"><span class='ocrx_word' id='word_1_300' title='bbox 105 3110 161 3143; x_wconf 84' lang='lat' dir='ltr'><strong>war</strong></span> <span class='ocrx_word' id='word_1_301' title='bbox 180 3093 271 3157; x_wconf 75' lang='lat' dir='ltr'><strong>Consul</strong></span> <span class='ocrx_word' id='word_1_302' title='bbox 288 3096 338 3146; x_wconf 79' lang='lat'><strong>496</strong></span> <span class='ocrx_word' id='word_1_303' title='bbox 356 3094 405 3143; x_wconf 91' lang='lat' dir='ltr'><strong>und</strong></span> <span class='ocrx_word' id='word_1_304' title='bbox 423 3096 480 3151; x_wconf 81' lang='lat'>500,</span> <span class='ocrx_word' id='word_1_305' title='bbox 501 3093 616 3144; x_wconf 84' lang='lat' dir='ltr'><strong>Dictator</strong></span> <span class='ocrx_word' id='word_1_306' title='bbox 657 3097 747 3157; x_wconf 80' lang='lat' dir='ltr'><strong>gebdrt</strong></span> <span class='ocrx_word' id='word_1_307' title='bbox 764 3094 816 3144; x_wconf 81' lang='lat' dir='ltr'><strong>also</strong></span> <span class='ocrx_word' id='word_1_308' title='bbox 834 3110 866 3142; x_wconf 88' lang='lat' dir='ltr'><strong>zu</strong></span> <span class='ocrx_word' id='word_1_309' title='bbox 884 3096 930 3143; x_wconf 90' lang='lat' dir='ltr'><strong>den</strong></span> <span class='ocrx_word' id='word_1_310' title='bbox 949 3093 1052 3156; x_wconf 79' lang='lat' dir='ltr'><strong>Diogen.</strong></span> <span class='ocrx_word' id='word_1_311' title='bbox 1074 3101 1099 3146; x_wconf 84' lang='lat' dir='ltr'><strong>tn</strong></span> <span class='ocrx_word' id='word_1_312' title='bbox 1117 3101 1170 3162; x_wconf 80' lang='lat' dir='ltr'><strong>qut-</strong></span> 
     </span>
     <span class='ocr_line' id='line_1_35' title="bbox 94 3161 1023 3229; baseline 0.002 -17"><span class='ocrx_word' id='word_1_313' title='bbox 94 3164 165 3213; x_wconf 82' lang='lat'>·505.</span> <span class='ocrx_word' id='word_1_314' title='bbox 201 3162 278 3213; x_wconf 87' lang='lat' dir='ltr'><strong>Eines</strong></span> <span class='ocrx_word' id='word_1_315' title='bbox 304 3178 352 3211; x_wconf 91' lang='lat' dir='ltr'><strong>von</strong></span> <span class='ocrx_word' id='word_1_316' title='bbox 371 3161 420 3210; x_wconf 88' lang='lat' dir='ltr'><strong>ihm</strong></span> <span class='ocrx_word' id='word_1_317' title='bbox 439 3162 484 3211; x_wconf 83' lang='lat' dir='ltr'><strong>der</strong></span> <span class='ocrx_word' id='word_1_318' title='bbox 501 3166 556 3228; x_wconf 79' lang='lat' dir='ltr'><strong>Spes</strong></span> <span class='ocrx_word' id='word_1_319' title='bbox 575 3178 616 3225; x_wconf 81' lang='lat' dir='ltr'><strong>ge·</strong></span> <span class='ocrx_word' id='word_1_320' title='bbox 660 3168 701 3215; x_wconf 83' lang='lat' dir='ltr'><strong>bus</strong></span> <span class='ocrx_word' id='word_1_321' title='bbox 718 3169 753 3214; x_wconf 80' lang='lat' dir='ltr'><strong>nis</strong></span> <span class='ocrx_word' id='word_1_322' title='bbox 770 3168 829 3214; x_wconf 81' lang='lat' dir='ltr'><strong>inest</strong></span> <span class='ocrx_word' id='word_1_323' title='bbox 846 3166 1023 3229; x_wconf 60' lang='lat' dir='ltr'><strong>maiormliqoa.</strong></span> 
     </span>
     <span class='ocr_line' id='line_1_36' title="bbox 106 3226 1169 3295; baseline 0.004 -16"><span class='ocrx_word' id='word_1_324' title='bbox 106 3229 215 3279; x_wconf 89' lang='lat' dir='ltr'><strong>weihten</strong></span> <span class='ocrx_word' id='word_1_325' title='bbox 239 3228 353 3295; x_wconf 84' lang='lat' dir='ltr'><strong>Tempels</strong></span> <span class='ocrx_word' id='word_1_326' title='bbox 378 3230 487 3293; x_wconf 84' lang='lat' dir='ltr'><strong>gedcnkt</strong></span> <span class='ocrx_word' id='word_1_327' title='bbox 505 3229 556 3279; x_wconf 88' lang='lat' dir='ltr'><strong>Cic.</strong></span> <span class='ocrx_word' id='word_1_328' title='bbox 585 3231 616 3280; x_wconf 85' lang='lat' dir='ltr'><strong>de</strong></span> <span class='ocrx_word' id='word_1_329' title='bbox 692 3226 740 3284; x_wconf 69' lang='lat'><strong>24.</strong></span> <span class='ocrx_word' id='word_1_330' title='bbox 762 3232 802 3281; x_wconf 78' lang='lat'><strong>62.</strong></span> <span class='ocrx_word' id='word_1_331' title='bbox 824 3235 883 3282; x_wconf 85' lang='lat' dir='ltr'><strong>bone</strong></span> <span class='ocrx_word' id='word_1_332' title='bbox 900 3234 1005 3282; x_wconf 79' lang='lat' dir='ltr'><strong>Liberum</strong></span> <span class='ocrx_word' id='word_1_333' title='bbox 1023 3235 1109 3283; x_wconf 83' lang='lat' dir='ltr'><strong>Somolo</strong></span> <span class='ocrx_word' id='word_1_334' title='bbox 1126 3251 1169 3284; x_wconf 85' lang='lat' dir='ltr'><strong>nc-</strong></span> 
     </span>
     <span class='ocr_line' id='line_1_37' title="bbox 107 3296 1170 3360; baseline 0.005 -14"><span class='ocrx_word' id='word_1_335' title='bbox 107 3296 185 3358; x_wconf 84' lang='lat' dir='ltr'><strong>Legg.</strong></span> <span class='ocrx_word' id='word_1_336' title='bbox 217 3297 246 3351; x_wconf 82' lang='lat' dir='ltr'><strong>ll,</strong></span> <span class='ocrx_word' id='word_1_337' title='bbox 281 3300 318 3356; x_wconf 85' lang='grc'><strong>11,</strong></span> <span class='ocrx_word' id='word_1_338' title='bbox 349 3301 390 3350; x_wconf 80' lang='lat'><strong>28.</strong></span> <span class='ocrx_word' id='word_1_339' title='bbox 427 3297 474 3347; x_wconf 82' lang='lat' dir='ltr'><strong>llic</strong></span> <span class='ocrx_word' id='word_1_340' title='bbox 496 3296 615 3360; x_wconf 68' lang='lat' dir='ltr'><strong>&#39;gdttlicbe</strong></span> <span class='ocrx_word' id='word_1_341' title='bbox 659 3309 718 3360; x_wconf 82' lang='lat' dir='ltr'><strong>tom,</strong></span> <span class='ocrx_word' id='word_1_342' title='bbox 746 3297 769 3346; x_wconf 94' lang='lat' dir='ltr'><strong>d.</strong></span> <span class='ocrx_word' id='word_1_343' title='bbox 797 3299 820 3346; x_wconf 91' lang='lat' dir='ltr'><strong>b.</strong></span> <span class='ocrx_word' id='word_1_344' title='bbox 847 3298 894 3346; x_wconf 85' lang='lat' dir='ltr'><strong>don</strong></span> <span class='ocrx_word' id='word_1_345' title='bbox 919 3297 1095 3348; x_wconf 85' lang='lat' dir='ltr'><strong>Griecbischen</strong></span> <span class='ocrx_word' id='word_1_346' title='bbox 1113 3303 1170 3352; x_wconf 79' lang='lat' dir='ltr'><strong>llio-</strong></span> 
     </span>
     <span class='ocr_line' id='line_1_38' title="bbox 106 3365 1169 3431; baseline 0.001 -16"><span class='ocrx_word' id='word_1_347' title='bbox 106 3365 256 3426; x_wconf 85' lang='lat' dir='ltr'><strong>Vorebrung</strong></span> <span class='ocrx_word' id='word_1_348' title='bbox 266 3365 311 3415; x_wconf 90' lang='lat' dir='ltr'><strong>der</strong></span> <span class='ocrx_word' id='word_1_349' title='bbox 320 3369 388 3417; x_wconf 77' lang='lat' dir='ltr'><strong>Fides</strong></span> <span class='ocrx_word' id='word_1_350' title='bbox 405 3366 452 3416; x_wconf 92' lang='lat' dir='ltr'><strong>soll</strong></span> <span class='ocrx_word' id='word_1_351' title='bbox 470 3365 531 3416; x_wconf 85' lang='lat' dir='ltr'><strong>aber</strong></span> <span class='ocrx_word' id='word_1_352' title='bbox 541 3367 616 3415; x_wconf 85' lang='lat' dir='ltr'><strong>sclrou</strong></span> <span class='ocrx_word' id='word_1_353' title='bbox 657 3385 736 3431; x_wconf 70' lang='lat' dir='ltr'><strong>opens,</strong></span> <span class='ocrx_word' id='word_1_354' title='bbox 761 3366 809 3415; x_wconf 85' lang='lat' dir='ltr'><strong>aul</strong></span> <span class='ocrx_word' id='word_1_355' title='bbox 832 3365 946 3415; x_wconf 76' lang='lat' dir='ltr'><strong>walchen</strong></span> <span class='ocrx_word' id='word_1_356' title='bbox 971 3372 1065 3428; x_wconf 72' lang='lat' dir='ltr'><strong>wegeu‘</strong></span> <span class='ocrx_word' id='word_1_357' title='bbox 1079 3367 1169 3428; x_wconf 85' lang='lat' dir='ltr'><strong>gewis·</strong></span> 
     </span>
     <span class='ocr_line' id='line_1_39' title="bbox 106 3431 1169 3494; baseline 0.001 -12"><span class='ocrx_word' id='word_1_358' title='bbox 106 3431 189 3482; x_wconf 86' lang='lat' dir='ltr'><strong>Numa</strong></span> <span class='ocrx_word' id='word_1_359' title='bbox 198 3432 352 3494; x_wconf 85' lang='lat' dir='ltr'><strong>angeordnet</strong></span> <span class='ocrx_word' id='word_1_360' title='bbox 361 3432 448 3483; x_wconf 90' lang='lat' dir='ltr'><strong>haben.</strong></span> <span class='ocrx_word' id='word_1_361' title='bbox 469 3433 524 3483; x_wconf 88' lang='lat' dir='ltr'><strong>Liv.</strong></span> <span class='ocrx_word' id='word_1_362' title='bbox 537 3432 555 3491; x_wconf 83' lang='lat' dir='ltr'><strong>l,</strong></span> <span class='ocrx_word' id='word_1_363' title='bbox 571 3436 613 3484; x_wconf 82' lang='lat'><strong>21.</strong></span> <span class='ocrx_word' id='word_1_364' title='bbox 658 3449 701 3483; x_wconf 89' lang='lat' dir='ltr'><strong>ser</strong></span> <span class='ocrx_word' id='word_1_365' title='bbox 717 3433 923 3484; x_wconf 88' lang='lat' dir='ltr'><strong>Achnlicbleitcn</strong></span> <span class='ocrx_word' id='word_1_366' title='bbox 942 3434 1000 3483; x_wconf 87' lang='lat' dir='ltr'><strong>der</strong></span> <span class='ocrx_word' id='word_1_367' title='bbox 1027 3433 1106 3483; x_wconf 89' lang='lat' dir='ltr'><strong>Name</strong></span> <span class='ocrx_word' id='word_1_368' title='bbox 1124 3434 1169 3483; x_wconf 88' lang='lat' dir='ltr'><strong>des</strong></span> 
     </span>
     <span class='ocr_line' id='line_1_40' title="bbox 142 3500 1170 3595; baseline 0 -45"><span class='ocrx_word' id='word_1_369' title='bbox 142 3520 155 3551; x_wconf 87' lang='lat' dir='ltr'><strong>c</strong></span> <span class='ocrx_word' id='word_1_370' title='bbox 173 3504 201 3550; x_wconf 88' lang='lat' dir='ltr'><strong>M.</strong></span> <span class='ocrx_word' id='word_1_371' title='bbox 222 3502 337 3560; x_wconf 68' lang='lat' dir='ltr'><strong>(Claudio)</strong></span> <span class='ocrx_word' id='word_1_372' title='bbox 350 3503 471 3554; x_wconf 81' lang='lat' dir='ltr'><strong>Marcello:</strong></span> <span class='ocrx_word' id='word_1_373' title='bbox 490 3501 522 3551; x_wconf 92' lang='lat' dir='ltr'><strong>im</strong></span> <span class='ocrx_word' id='word_1_374' title='bbox 540 3501 619 3551; x_wconf 73' lang='lat' dir='ltr'><strong>zuei&gt;</strong></span> <span class='ocrx_word' id='word_1_375' title='bbox 658 3500 825 3551; x_wconf 88' lang='lat' dir='ltr'><strong>altitalischen</strong></span> <span class='ocrx_word' id='word_1_376' title='bbox 840 3500 1170 3595; x_wconf 62' lang='lat' dir='ltr'><strong>Naprrgottestiberiiber-</strong></span> 
     </span>
     <span class='ocr_line' id='line_1_41' title="bbox 107 3566 1168 3631; baseline 0 -15"><span class='ocrx_word' id='word_1_377' title='bbox 107 3576 149 3616; x_wconf 87' lang='lat' dir='ltr'><strong>ten</strong></span> <span class='ocrx_word' id='word_1_378' title='bbox 172 3567 310 3616; x_wconf 89' lang='lat' dir='ltr'><strong>Punischen</strong></span> <span class='ocrx_word' id='word_1_379' title='bbox 328 3566 429 3629; x_wconf 84' lang='lat' dir='ltr'><strong>Kricge.</strong></span> <span class='ocrx_word' id='word_1_380' title='bbox 466 3568 518 3619; x_wconf 80' lang='lat' dir='ltr'><strong>Iler</strong></span> <span class='ocrx_word' id='word_1_381' title='bbox 542 3570 616 3619; x_wconf 86' lang='lat' dir='ltr'><strong>nach·</strong></span> <span class='ocrx_word' id='word_1_382' title='bbox 659 3576 746 3631; x_wconf 86' lang='lat' dir='ltr'><strong>tragon</strong></span> <span class='ocrx_word' id='word_1_383' title='bbox 763 3570 860 3618; x_wconf 87' lang='lat' dir='ltr'><strong>wurdo.</strong></span> <span class='ocrx_word' id='word_1_384' title='bbox 897 3570 966 3618; x_wconf 89' lang='lat' dir='ltr'><strong>Aber</strong></span> <span class='ocrx_word' id='word_1_385' title='bbox 982 3568 1102 3617; x_wconf 74' lang='lat' dir='ltr'><strong>wibrend</strong></span> <span class='ocrx_word' id='word_1_386' title='bbox 1127 3569 1168 3631; x_wconf 85' lang='lat' dir='ltr'><strong>je-</strong></span> 
     </span>
     <span class='ocr_line' id='line_1_42' title="bbox 106 3634 1167 3704; baseline -0.002 -19"><span class='ocrx_word' id='word_1_387' title='bbox 106 3636 152 3685; x_wconf 91' lang='lat' dir='ltr'><strong>ber</strong></span> <span class='ocrx_word' id='word_1_388' title='bbox 176 3637 311 3685; x_wconf 81' lang='lat' dir='ltr'><strong>erwdhnte.</strong></span> <span class='ocrx_word' id='word_1_389' title='bbox 331 3639 355 3693; x_wconf 84' lang='lat' dir='ltr'><strong>Q.</strong></span> <span class='ocrx_word' id='word_1_390' title='bbox 382 3638 494 3689; x_wconf 77' lang='lat' dir='ltr'><strong>Mecinus</strong></span> <span class='ocrx_word' id='word_1_391' title='bbox 517 3637 551 3687; x_wconf 90' lang='lat' dir='ltr'><strong>ist</strong></span> <span class='ocrx_word' id='word_1_392' title='bbox 570 3637 616 3687; x_wconf 89' lang='lat' dir='ltr'><strong>der</strong></span> <span class='ocrx_word' id='word_1_393' title='bbox 657 3651 703 3686; x_wconf 86' lang='lat' dir='ltr'><strong>ner</strong></span> <span class='ocrx_word' id='word_1_394' title='bbox 720 3636 859 3704; x_wconf 60' lang='lat' dir='ltr'><strong>Dionysusr</strong></span> <span class='ocrx_word' id='word_1_395' title='bbox 874 3637 1026 3697; x_wconf 82' lang='lat' dir='ltr'><strong>wenigstens</strong></span> <span class='ocrx_word' id='word_1_396' title='bbox 1044 3636 1106 3683; x_wconf 84' lang='lat' dir='ltr'><strong>nach</strong></span> <span class='ocrx_word' id='word_1_397' title='bbox 1126 3634 1167 3684; x_wconf 84' lang='lat' dir='ltr'><strong>Gi-</strong></span> 
     </span>
     <span class='ocr_line' id='line_1_43' title="bbox 109 3704 1168 3766; baseline 0.001 -14"><span class='ocrx_word' id='word_1_398' title='bbox 109 3704 233 3762; x_wconf 82' lang='lat' dir='ltr'><strong>bekanute</strong></span> <span class='ocrx_word' id='word_1_399' title='bbox 250 3707 335 3755; x_wconf 82' lang='lat' dir='ltr'><strong>Fobtcs</strong></span> <span class='ocrx_word' id='word_1_400' title='bbox 356 3704 487 3766; x_wconf 79' lang='lat' dir='ltr'><strong>Cunctator,</strong></span> <span class='ocrx_word' id='word_1_401' title='bbox 510 3705 556 3754; x_wconf 89' lang='lat' dir='ltr'><strong>der</strong></span> <span class='ocrx_word' id='word_1_402' title='bbox 574 3706 614 3754; x_wconf 90' lang='lat' dir='ltr'><strong>die</strong></span> <span class='ocrx_word' id='word_1_403' title='bbox 657 3705 735 3754; x_wconf 87' lang='lat' dir='ltr'><strong>ccro&#39;s</strong></span> <span class='ocrx_word' id='word_1_404' title='bbox 764 3705 893 3765; x_wconf 90' lang='lat' dir='ltr'><strong>Meiuuug‚</strong></span> <span class='ocrx_word' id='word_1_405' title='bbox 932 3704 971 3751; x_wconf 89' lang='lat' dir='ltr'><strong>ein</strong></span> <span class='ocrx_word' id='word_1_406' title='bbox 999 3704 1168 3765; x_wconf 77' lang='lat' dir='ltr'><strong>vergiitterter</strong></span> 
     </span>
     <span class='ocr_line' id='line_1_44' title="bbox 108 3769 1169 3833; baseline -0.002 -12"><span class='ocrx_word' id='word_1_407' title='bbox 108 3771 226 3833; x_wconf 88' lang='lat' dir='ltr'><strong>Ligurier</strong></span> <span class='ocrx_word' id='word_1_408' title='bbox 243 3771 275 3820; x_wconf 90' lang='lat' dir='ltr'><strong>im</strong></span> <span class='ocrx_word' id='word_1_409' title='bbox 292 3770 315 3819; x_wconf 91' lang='lat' dir='ltr'><strong>l.</strong></span> <span class='ocrx_word' id='word_1_410' title='bbox 336 3771 382 3820; x_wconf 83' lang='lat'><strong>521</strong></span> <span class='ocrx_word' id='word_1_411' title='bbox 402 3769 523 3833; x_wconf 81' lang='lat' dir='ltr'><strong>besicgtn.</strong></span> <span class='ocrx_word' id='word_1_412' title='bbox 657 3773 810 3823; x_wconf 86' lang='lat' dir='ltr'><strong>Sterblicbcr</strong></span> <span class='ocrx_word' id='word_1_413' title='bbox 826 3786 894 3826; x_wconf 83' lang='lat' dir='ltr'><strong>war.</strong></span> <span class='ocrx_word' id='word_1_414' title='bbox 922 3770 974 3832; x_wconf 88' lang='lat' dir='ltr'><strong>galt</strong></span> <span class='ocrx_word' id='word_1_415' title='bbox 990 3775 1057 3822; x_wconf 83' lang='lat' dir='ltr'><strong>Liber</strong></span> <span class='ocrx_word' id='word_1_416' title='bbox 1074 3771 1115 3820; x_wconf 78' lang='lat' dir='ltr'><strong>fur</strong></span> <span class='ocrx_word' id='word_1_417' title='bbox 1133 3772 1169 3820; x_wconf 90' lang='lat' dir='ltr'><strong>ei-</strong></span> 
     </span>
     <span class='ocr_line' id='line_1_45' title="bbox 146 3835 951 3907; baseline -0.001 -19"><span class='ocrx_word' id='word_1_418' title='bbox 146 3844 277 3904; x_wconf 82' lang='lat' dir='ltr'><strong>Voloptctis.</strong></span> <span class='ocrx_word' id='word_1_419' title='bbox 322 3835 374 3907; x_wconf 83' lang='lat' dir='ltr'><strong>Der</strong></span> <span class='ocrx_word' id='word_1_420' title='bbox 400 3837 432 3886; x_wconf 90' lang='lat' dir='ltr'><strong>im</strong></span> <span class='ocrx_word' id='word_1_421' title='bbox 460 3837 547 3889; x_wconf 73' lang='lat' dir='ltr'><strong>conus</strong></span> <span class='ocrx_word' id='word_1_422' title='bbox 573 3855 615 3902; x_wconf 89' lang='lat' dir='ltr'><strong>ge·</strong></span> <span class='ocrx_word' id='word_1_423' title='bbox 658 3856 705 3889; x_wconf 84' lang='lat' dir='ltr'><strong>nen</strong></span> <span class='ocrx_word' id='word_1_424' title='bbox 723 3839 864 3902; x_wconf 87' lang='lat' dir='ltr'><strong>geborenen</strong></span> <span class='ocrx_word' id='word_1_425' title='bbox 884 3837 951 3907; x_wconf 79' lang='lat' dir='ltr'><strong>Gott.</strong></span> 
     </span>
     <span class='ocr_line' id='line_1_46' title="bbox 106 3904 1169 3971; baseline -0.001 -16"><span class='ocrx_word' id='word_1_426' title='bbox 106 3907 264 3957; x_wconf 77' lang='lat' dir='ltr'><strong>brauchliclre</strong></span> <span class='ocrx_word' id='word_1_427' title='bbox 282 3905 360 3965; x_wconf 86' lang='lat' dir='ltr'><strong>Name</strong></span> <span class='ocrx_word' id='word_1_428' title='bbox 378 3920 433 3955; x_wconf 87' lang='lat' dir='ltr'><strong>war</strong></span> <span class='ocrx_word' id='word_1_429' title='bbox 445 3908 546 3971; x_wconf 82' lang='lat' dir='ltr'><strong>Volcpic,</strong></span> <span class='ocrx_word' id='word_1_430' title='bbox 560 3909 616 3959; x_wconf 74' lang='lat' dir='ltr'><strong>&#39;md</strong></span> <span class='ocrx_word' id='word_1_431' title='bbox 691 3913 778 3970; x_wconf 81' lang='lat' dir='ltr'><strong>Libera,</strong></span> <span class='ocrx_word' id='word_1_432' title='bbox 798 3904 919 3956; x_wconf 84' lang='lat' dir='ltr'><strong>ebenlalls</strong></span> <span class='ocrx_word' id='word_1_433' title='bbox 940 3904 1089 3955; x_wconf 86' lang='lat' dir='ltr'><strong>altitaliscbe</strong></span> <span class='ocrx_word' id='word_1_434' title='bbox 1107 3907 1169 3956; x_wconf 80' lang='lat' dir='ltr'><strong>Get-</strong></span> 
     </span>
     <span class='ocr_line' id='line_1_47' title="bbox 108 3972 1165 4031; baseline -0.001 -8"><span class='ocrx_word' id='word_1_435' title='bbox 108 3975 149 4024; x_wconf 84' lang='lat' dir='ltr'><strong>ldr</strong></span> <span class='ocrx_word' id='word_1_436' title='bbox 166 3980 292 4028; x_wconf 74' lang='lat' dir='ltr'><strong>Laurentino</strong></span> <span class='ocrx_word' id='word_1_437' title='bbox 309 3973 393 4024; x_wconf 89' lang='lat' dir='ltr'><strong>Venus</strong></span> <span class='ocrx_word' id='word_1_438' title='bbox 413 3972 535 4023; x_wconf 86' lang='lat' dir='ltr'><strong>vielmelrr</strong></span> <span class='ocrx_word' id='word_1_439' title='bbox 552 3980 615 4028; x_wconf 70' lang='lat' dir='ltr'><strong>titt·</strong></span> <span class='ocrx_word' id='word_1_440' title='bbox 657 3976 700 4031; x_wconf 80' lang='lat' dir='ltr'><strong>tin,</strong></span> <span class='ocrx_word' id='word_1_441' title='bbox 721 3974 771 4025; x_wconf 91' lang='lat' dir='ltr'><strong>wie</strong></span> <span class='ocrx_word' id='word_1_442' title='bbox 790 3973 1069 4024; x_wconf 85' lang='lat' dir='ltr'><strong>ibrelluttcheres:</strong></span> <span class='ocrx_word' id='word_1_443' title='bbox 1092 3974 1165 4024; x_wconf 83' lang='lat' dir='ltr'><strong>beide</strong></span> 
     </span>
    </p>
   </div>
   <div class='ocr_carea' id='block_1_4' title="bbox 896 4042 971 4119">
    <p class='ocr_par' dir='ltr' id='par_1_6' title="bbox 896 4042 971 4119">
     <span class='ocr_line' id='line_1_48' title="bbox 896 4042 971 4119; baseline 0 0"><span class='ocrx_word' id='word_1_444' title='bbox 896 4042 971 4119; x_wconf 53' lang='lat' dir='ltr'><strong>st*</strong></span> 
     </span>
    </p>
   </div>
   <div class='ocr_carea' id='block_1_5' title="bbox 543 4240 554 4267">
    <p class='ocr_par' dir='ltr' id='par_1_7' title="bbox 543 4240 554 4267">
     <span class='ocr_line' id='line_1_49' title="bbox 543 4240 554 4267; baseline 0 0"><span class='ocrx_word' id='word_1_445' title='bbox 543 4240 554 4267; x_wconf 69' lang='lat' dir='ltr'><strong>d</strong></span> 
     </span>
    </p>
   </div>
   <div class='ocr_carea' id='block_1_6' title="bbox 0 0 1332 4418">
    <p class='ocr_par' dir='ltr' id='par_1_8' title="bbox 0 0 1332 4418">
     <span class='ocr_line' id='line_1_50' title="bbox 0 0 1332 4418; baseline 0 0"><span class='ocrx_word' id='word_1_446' title='bbox 0 0 1332 4418; x_wconf 95' lang='lat' dir='ltr'><strong> </strong></span> 
     </span>
    </p>
   </div>
  </div>
 </body>
</html>
