2640 4418
156 325 218 387 218
514 333 558 384 nu
576 331 711 383 Narunn
728 332 875 384 ononuu.

156 490 287 550 Fortuna
310 486 510 558 numeranda,
549 505 637 565 qinom
660 504 747 547 nenio
770 485 1083 551 abinconstrntiaet
1103 487 1229 549 temeri-

70 640 74 653 ,
113 582 218 636 ditate
248 573 401 648 seiunget:
441 590 516 649 quae
545 572 634 648 digna
664 578 832 632 certe-non
862 579 932 630 sunt
959 569 1027 629 deo.
1071 570 1131 630 lam
1154 591 1229 633 voro
1263 571 1267 576 ’

155 657 233 739 quid
248 676 302 717 vos
324 656 373 716 itia
397 655 524 716 delectat
546 655 704 735 explicatio
727 653 893 726 fabularum
916 663 946 715 et
968 654 1108 715 enodatio
1128 657 1228 733 nomi-

154 739 249 804 num?
292 741 452 801 Exseetum
474 759 489 800 a
513 741 575 802 tilio
599 740 737 813 Caelum,
764 738 895 800 vinctum
920 738 1023 799 itidem
1046 757 1062 798 a
1085 739 1147 799 tilio
1171 743 1228 803 Sa-

155 835 290 898 turnum,
318 826 393 886 haec
417 824 525 893 etalio
547 825 666 901 generis
690 824 826 885 eiusdem
853 841 906 883 vos
930 825 971 884 ita
993 823 1169 905 defenditis,
1194 836 1229 886 ut

154 911 176 972 ii
203 911 254 990 qui
282 910 339 970 ista
367 911 515 970 tinxerunt
542 928 602 970 non
626 909 716 969 modo
738 927 800 968 non
821 908 928 981 insani,
950 908 1004 979 sed
1025 907 1116 968 etiam
1131 908 1229 985 inisse

155 995 308 1074 sapientes
338 994 504 1055 videantur.
549 995 583 1054 ln
615 993 780 1067 enodandis
814 1000 912 1053 autem
940 991 1114 1053 nominibus
1145 988 1228 1076 quod

153 1078 419 1157 miscendumst
439 1078 593 1138 laboratis.
638 1078 798 1149 Saturnus,
835 1077 903 1156 quia
924 1095 960 1137 se
983 1084 1098 1149 saturat
1119 1079 1226 1151 annis3
1295 1104 1300 1115 ¹

153 1165 286 1236 Mavors,
320 1163 390 1242 quia
411 1166 515 1240 magna
539 1162 645 1236 vortit3
675 1162 822 1233 Minerva,
851 1160 920 1240 quia
943 1161 1052 1223 minn'it
1082 1170 1133 1223 aut
1154 1163 1227 1243 quia

153 1249 300 1322 minatum
335 1248 450 1322 Venus,
485 1246 553 1326 quia
587 1246 669 1308 venit
703 1247 739 1307 ad
767 1246 883 1317 omnim
921 1246 1012 1327 (geres
1036 1264 1059 1323 ‘a‘
1080 1248 1226 1324 gerendo.

155 1334 250 1406 Quam
284 1332 452 1412 periculosa
482 1329 686 1392 consuetudo!
737 1331 770 1390 ln
804 1329 905 1390 multis
938 1330 1017 1391 enim
1052 1330 1227 1392 nominibus

152 1417 327 1479 haerebitis.
379 1415 457 1489 Quid
480 1415 582 1499 ticiani
605 1411 723 1476 facies?
749 1414 824 1494 quid
847 1411 1002 1476 Vulcano?
1036 1416 1226 1494 quamquam,

153 1503 294 1582 quoniam
316 1500 484 1580 Neptunum
513 1519 543 1559 a·
558 1500 657 1559 nando
687 1499 868 1578 appeliatum
890 1507 995 1578 putas,
1030 1499 1142 1561 nullum
1167 1501 1228 1562 erit

152 1605 273 1656 nomen,
307 1585 387 1663 quod
410 1603 469 1644 non
492 1583 594 1663 possis
616 1602 673 1645 una
696 1584 795 1644 littera
819 1583 968 1662 explicare
995 1576 1075 1645 unde
1103 1584 1226 1646 ductum
1296 1618 1310 1629 ··

147 1671 202 1731 sit.
246 1670 281 1730 In
304 1669 363 1747 quo
393 1667 513 1747 quidem
541 1669 635 1745 magis
662 1678 695 1729 tu
722 1668 795 1728 mihi
823 1679 925 1729 uiatore
949 1666 1030 1729 visus
1053 1686 1100 1741 es,
1135 1687 1227 1748 quem
1268 1667 1274 1681 “

107 1766 137 1816 63
152 1754 218 1833 ipse
240 1754 427 1831 Neptunus*
449 1752 584 1830 Magnam
607 1752 775 1814 molestiam
804 1752 940 1830 suscepit
968 1760 999 1813 et
1026 1752 1149 1827 minime
1172 1771 1226 1813 ne-

154 1839 316 1900 cessariam
343 1837 458 1916 primus
482 1838 576 1908 Zeno,
605 1844 676 1916 post
698 1837 872 1909 Cleanthes,
896 1836 1006 1898 deinde
1028 1837 1225 1916 Chrysippus,

154 1922 428 1986 commenticiarum
461 1921 625 1983 tabularum
655 1922 781 1982 reddere
804 1920 966 1994 rationem3
999 1920 1224 1994 vocabulorum,

154 2028 207 2070 cur
228 2008 340 2086 quique
362 2007 401 2066 ita
425 2006 566 2085 appellati
590 2006 660 2075 sint,
677 2024 807 2076 ,caussas
830 2005 989 2084 explicare.
1021 2006 1108 2078 Quod
1132 2024 1224 2085 quum

153 2093 268 2164 facitis,
301 2092 374 2152 iilud
397 2092 533 2168 proiecto
563 2090 763 2163 confitemini,
796 2090 884 2167 longe
915 2090 1002 2150 aliter
1030 2109 1062 2151 se
1084 2109 1148 2152 rem
1170 2092 1226 2151 ha-

150 2176 223 2238 bere
260 2187 349 2254 etque
377 2174 531 2235 hominum
561 2173 663 2252 opinio
687 2175 742 2246 sit3
780 2192 833 2234 eos
857 2173 952 2248 enim,
983 2174 1033 2254 qui
1056 2174 1098 2235 dii
1121 2175 1226 2254 appel-

95 2256 139 2327 25
155 2261 262 2333 lentur,
285 2278 384 2321 rerum
408 2268 529 2320 naturas
553 2277 628 2331 esse,
653 2276 713 2318 non
736 2259 846 2334 figuras
869 2258 1004 2319 deorum.
1027 2259 1102 2333 ,Qui
1125 2267 1226 2320 tantus

153 2364 238 2407 error
259 2344 324 2411 fuit,
347 2354 380 2405 ut
401 2343 583 2423 perniciosis
605 2343 806 2404 etiamrebus
829 2361 890 2402 non
912 2343 1001 2403 modo
1025 2360 1133 2405 nomen
1150 2343 1225 2406 deo-

79 2592 89 2611 „
189 2546 236 2596 62:
249 2549 323 2610 [aisse
336 2549 450 2609 sapientes
461 2548 589 2595 videantur.
608 2532 682 2606 vgi:
744 2554 825 2596 natare
842 2547 905 2595 visas
924 2562 948 2606 es
966 2559 986 2593 s.
1007 2558 1032 2592 v.
1048 2541 1086 2593 als
1101 2549 1223 2608 fluctuare,

154 2609 173 2671 I,
195 2614 236 2674 15,
255 2613 297 2662 41.
711 2611 775 2660 ohne
787 2609 934 2660 fesceninno
944 2611 983 2659 hin
995 2610 1044 2659 und
1056 2611 1101 2660 her
1110 2612 1227 2661 schwan·
1258 2618 1267 2627 '

189 2683 251 2745 qaod
273 2682 428 2730 miserandam
452 2681 482 2727 sit
500 2681 612 2728 taboratis
629 2701 668 2722 =
711 2678 767 2735 ken,
789 2683 896 2729 titubara-
933 2677 991 2740 Vgl.
1007 2677 1093 2730 Horat.
1115 2678 1169 2730 su.
1189 2679 1223 2741 ll,

154 2745 284 2815 laborem,⁴
297 2744 508 2819 quintiserandus
528 2743 568 2803 sit,
590 2743 669 2794 susci·
712 2747 735 2802 i,
757 2746 791 2796 6:
827 2748 882 2795 Pars
900 2749 972 2798 matta
989 2755 1067 2811 notat,
1094 2748 1163 2811 modii
1186 2764 1227 2811 re·

153 2814 220 2882 pitis.
712 2821 749 2885 cta
774 2830 909 2878 capescens,
941 2817 1056 2873 interdum
1077 2819 1156 2881 prauis
1182 2819 1229 2875 oo-

188 2886 245 2948 paid
265 2884 341 2933 Veiovi
363 2883 453 2947 facies?
488 2879 590 2930 Daraui
614 2886 669 2929 ant·
711 2885 792 2932 anaia.
1190 2884 1193 2889 '

152 2957 247 3000 wortet
263 2948 353 2999 Festus
370 2964 394 3013 p.
416 2949 480 2999 379:
510 2952 538 2999 Ve
555 2951 668 3013 syilabam

153 3022 188 3069 rei
205 3035 289 3084 parvae
309 3021 493 3083 praeponebant,
520 3021 581 3067 unde
602 3020 667 3066 Veio-

152 3101 202 3137 oem
216 3102 312 3148 paruam
328 3088 410 3135 iovem.
447 3082 494 3132 nia
515 3081 668 3144 Richtigkeit

154 3150 200 3199 der
216 3150 330 3205 Antwort
347 3153 446 3200 mdsscn
464 3150 515 3199 wir
531 3151 606 3199 dadin
625 3164 667 3211 ge·

744 2970 785 3032 63.
802 2985 888 3045 fipuras
902 2985 1009 3034 deorum:
1028 2981 1145 3044 gdtdiche
1164 2981 1229 3033 Por-

710 3063 795 3106 sonen,
818 3046 955 3106 Gestalteu
977 3048 1002 3113 ip
1021 3049 1101 3101 denen
1114 3049 1154 3100 die
1165 3049 1229 3101 Gdt·

710 3122 751 3166 tcr
767 3115 850 3166 loibcn
869 3115 918 3165 und
934 3112 1017 3167 lobon.
1068 3114 1074 3128 '¹

154 3215 224 3267 stelit
240 3216 294 3265 sein
310 3216 404 3266 lassen.
433 3217 497 3266 Dass
516 3217 578 3266 aber
594 3215 667 3267 Viele
744 3213 799 3272 25.
832 3221 872 3282 qui
896 3226 973 3270 tantas
1000 3235 1064 3270 error
1082 3223 1140 3334 Bait.
1176 3216 1228 3288 line

153 3291 228 3334 uuter
255 3284 310 3332 dem
339 3288 425 3335 Vrioois
454 3284 527 3333 einen
556 3283 663 3344 kleiuen,
709 3283 864 3346 Verirrung‚
907 3284 1045 3334 uatdriioho
1066 3294 1071 3305 ·
1105 3283 1164 3348 inge
1193 3302 1230 3363 up

149 3350 438 3417 jugcndlichoniupitcr
453 3351 569 3408 dauhtar,
591 3352 667 3401 sehon
709 3353 869 3415 vergdttern.
900 3351 960 3415 gius
983 3352 1083 3421 sowoit.
1109 3372 1146 3391 ...
1172 3352 1232 3405 Dor

152 3420 203 3470 wir
220 3434 266 3469 aus
279 3417 480 3476 Ovidi'astiil,
496 3420 545 3469 445
559 3435 583 3468 u.
599 3434 664 3470 am.
712 3419 899 3482 Vergdttcrung
933 3420 979 3470 der
1002 3423 1082 3473 Febris
1116 3420 1231 3483 gedenkt

152 3514 185 3527 -
212 3486 275 3538 Voru
303 3490 415 3538 Vaicanus
442 3474 522 3537 findet
545 3487 597 3537 sich
627 3487 667 3537 dic
711 3486 800 3537 Cicero
817 3486 998 3551 missbilligend
1016 3486 1128 3538 euch'de
1143 3487 1227 3552 Lesg.

71 3550 75 3565 ¹
152 3554 312 3622 Etymologie
328 3553 371 3604 hei
388 3554 478 3606 isidor.
498 3570 522 3621 p.
545 3556 617 3615 1026,
634 3557 667 3607 32
710 3554 729 3613 l,
763 3558 801 3613 ii.
830 3556 870 3614 28,
897 3572 939 3606 wo
966 3554 1083 3605 iudcssou
1113 3570 1161 3607 nur
1184 3557 1230 3608 oin

152 3622 243 3674 Goon:
271 3627 350 3676 dictas
371 3626 484 3675 Vulcanus
501 3629 569 3689 quasi
586 3628 668 3676 ooiaas
706 3622 807 3675 Alter
830 3630 946 3686 genennt«
955 3623 1036 3674 winde
1063 3621 1157 3685 ebensp
1180 3625 1232 3676 dor

153 3696 259 3753 candorss,
301 3694 336 3741 oei
371 3696 438 3756 quasi
478 3695 665 3752 antica-ouo,
709 3693 772 3742 mala
800 3693 910 3743 Fortuna.
952 3689 999 3757 Dio
1028 3686 1232 3744 oroaoa‘uomit

153 3762 215 3824 qood
239 3775 281 3823 per
305 3767 380 3809 aerem
404 3762 475 3821 uota,
508 3758 548 3807 die
572 3757 668 3819 wenig-
710 3755 1231 3816 Tannum.arnot.11,150inonou-

153 3830 221 3874 steus
239 3824 307 3875 nicht
330 3824 470 3875 schlechter
492 3825 537 3884 ist,
565 3825 602 3875 uls
627 3824 667 3874 die
710 3824 775 3883 heic,
806 3844 865 3892 qaae
887 3831 912 3878 ia
935 3830 1055 3878 orbitatem
1077 3831 1166 3878 semina
1185 3846 1231 3880 ex-

152 3891 257 3942 mcisteu
281 3892 328 3942 der
350 3892 413 3942 oben
437 3892 466 3957 il,
494 3895 594 3944 25-27
618 3907 667 3941 von
710 3897 819 3956 stiapaot.
844 3892 913 3942 Docto
931 3891 1012 3942 haben
1025 3891 1225 3945 diuidendschr.

153 3958 245 4009 Balbus
262 3967 471 4023 vorgetragcuom
711 3959 768 4010 dont
788 3963 887 4013 Orbana.
907 3980 913 3987 ·
