2640 4418
446 343 507 394 LlB.
528 344 558 395 ll.
581 344 715 397 can-37.
737 345 777 438 98.
799 346 840 396 39.
1123 335 1183 396 149

175 469 177 473 ,
692 446 704 472 Ι

104 501 221 575 viderit,
244 507 333 576 neget
353 499 385 558 in
407 494 454 580 bis
476 497 567 558 ullam
590 498 690 558 inesse
712 496 877 569 rationem,
901 517 996 575 eaque
1019 515 1090 559 casu
1113 501 1178 560 fieri

105 586 208 658 dicat‚‘
225 603 299 664 quae
322 592 432 662 quanto
456 581 583 642 consilio
612 590 769 659 gerantur,
798 581 880 642 nullo
903 583 1031 643 consilio
1047 588 1177 663 -assequi

105 665 290 750 possumus?
323 674 368 728 An
398 685 487 746 quum
516 666 736 728 machinatione
766 667 893 746 quadam
920 668 1031 727 moveri
1063 668 1175 745 aliquid
1219 726 1222 729 ,

103 754 249 827 videmus,
272 761 305 813 ut
326 751 494 829 sphaeram,
517 760 550 810 ut
571 751 670 822 horas
693 760 726 811 ut
745 751 803 812 alia
824 752 982 830 permulta,
1006 771 1066 813 non
1089 753 1175 813 dubi-
1251 777 1254 782 ’

105 847 216 909 taraus,
247 837 317 917 quin
340 835 392 895 illa
415 847 506 915 opera
534 834 596 895 sint
617 835 761 896 rationis:
791 854 880 914 quurn
911 845 1008 897 autem
1031 837 1175 915 impetum

105 921 179 984 caeli
204 919 370 982 admirabili
408 937 473 978 curn
511 919 667 980 celeritate
700 921 813 979 moveri
849 920 983 998 vertique
1011 921 1176 994 videamus,

106 1003 579 1067 constantissimeconficientem
612 1003 837 1065 vicissitudines
860 1004 1079 1065 anniversarias
1110 1024 1176 1066 cum

104 1109 219 1151 summa
242 1085 337 1151 salute
367 1097 397 1148 et
424 1088 653 1172 conservatione
679 1107 779 1149 rerum
814 1088 960 1148 omnium:
993 1089 1174 1160 dubitamus,

103 1175 174 1254 quin
197 1193 231 1236 ea
261 1191 321 1234 non
344 1172 440 1232 solum
469 1172 587 1234 ratione
608 1174 696 1245 liant,
726 1174 780 1234 sed
809 1171 899 1232 etiarn
922 1172 1078 1233 excellenti
1101 1173 1176 1234 divi-

75 1303 81 1309 ·
105 1278 203 1339 naquc
224 1254 364 1319 ratione?
386 1256 472 1317 Licet
493 1257 572 1317 enim
589 1257 656 1324 iarn,
680 1266 793 1318 remota
806 1255 1176 1336 subtilitatedisputandi,
1191 1269 1221 1320 98

108 1343 205 1404 oculis
229 1341 447 1421 quodammodo
461 1341 656 1420 contemplari
670 1341 923 1420 pulchritudinem
943 1359 1044 1401 rerunt
1067 1359 1178 1414 earum,

104 1447 179 1507 quas
208 1426 305 1487 divina
334 1425 534 1504 providentia,
556 1425 684 1507 dicimus
713 1426 904 1488 constitutas
948 1426 991 1486 Ac
1025 1423 1236 1504 principi089

104 1522 182 1571 terra
205 1509 342 1570 universa
367 1507 521 1582 cernatur,
552 1509 647 1589 locata
670 1511 700 1571 in
724 1511 822 1572 media
844 1509 947 1570 mundi
970 1510 1057 1582 sede,
1081 1510 1179 1571 solida

104 1605 135 1655 et
156 1593 280 1671 globosa
303 1604 333 1654 et
360 1593 492 1672 undique
523 1593 590 1671 ipsa
614 1593 644 1653 in
667 1614 736 1656 sese
758 1590 881 1656 nutib'us
905 1595 967 1655 suis
991 1594 1181 1672 conglobata,

104 1679 209 1752 vestita
232 1677 374 1750 duribus,
396 1677 508 1747 herbis,
530 1677 703 1752 arboribus,
726 1680 871 1756 frugibus
895 1695 1021 1758 quornm
1045 1679 1179 1740 omnium

103 1761 291 1836 incredibilis
313 1761 472 1822 multitudo
496 1761 658 1823 insatiabili
680 1764 824 1829 varietate
847 1763 1050 1841 distinguitur.
1094 1764 1178 1824 nude

104 1849 163 1909 buc
184 1846 312 1907 sontium
334 1846 448 1922 gelidas
470 1846 700 1926 perennitates,
731 1847 865 1926 liquores
887 1848 1059 1924 perlucidos
1082 1849 1179 1907 amni-

104 1951 164 2004 um,
188 1932 320 2008 riparum
342 1930 467 1990 vestitus
489 1930 707 2003 viridissimas,
731 1931 942 2009 speluncarum
965 1948 1111 1992 concavas
1135 1930 1179 1991 al·

103 2015 258 2086 titudines,
282 2033 421 2076 saxorum
443 2015 631 2093 asperitates,
653 2015 890 2094 impendentium
909 2008 1055 2075 montium
1077 2015 1179 2074 altitu-

104 2100 191 2160 dines
224 2099 500 2177 immensitatisque
533 2117 735 2177 camporumq
767 2099 844 2160 adde
879 2098 968 2172 etiarn
1006 2098 1179 2179 reconditas

103 2184 169 2246 auri
191 2183 366 2262 argentique
387 2201 477 2244 venas
500 2183 708 2264 infinitamque
729 2184 787 2244 vim
809 2184 977 2249 marmoris.
1023 2182 1107 2254 Quae
1128 2202 1178 2242 ve·
1193 2193 1223 2243 99

104 2287 138 2343 ro
162 2276 191 2328 et
213 2287 301 2346 quarn
324 2268 404 2328 varia
428 2267 723 2345 genera-bestiarum
746 2269 792 2328 vel
815 2269 949 2328 cicurum
961 2267 1008 2328 vel
1031 2266 1177 2328 serarum!

105 2352 155 2431 qui
178 2352 332 2413 volucrum
355 2353 456 2430 lapsus
470 2360 557 2430 atque
572 2353 694 2416 cantus!
720 2352 770 2430 qui
794 2352 941 2430 pecudum
957 2349 1078 2429 pastus!
1103 2370 1179 2429 quac

103 2437 162 2497 vita
186 2433 391 2496 silvestriuml'
421 2435 499 2507 Quid
530 2435 586 2496 iarn
610 2435 647 2496 de
669 2437 823 2497 hominurn
846 2453 954 2513 genere
977 2432 1099 2496 dicam?
1128 2435 1178 2514 qui

105 2520 191 2598 quasi
214 2520 344 2580 cultores
359 2528 471 2580 ‘terrae
500 2519 655 2582 constituti
684 2539 743 2581 non
772 2520 927 2598 patiuntur
955 2537 1020 2581 earn
1043 2536 1101 2581 nec
1123 2520 1180 2580 ἰιιι-Ι
1211 2547 1212 2551 ’

104 2605 247 2665 munitate
268 2605 433 2667 belluarum
467 2605 586 2668 efferari
619 2605 836 2683 nec'stirpium
874 2604 1037 2683 asperitate
1058 2603 1178 2676 iactari,

55 2741 60 2753 .
105 2707 291 2768 quorumque
314 2689 456 2768 operibus
479 2690 550 2767 agri,
573 2690 687 2752 insulae
707 2690 868 2768 littoraque
890 2688 1048 2759 collucent,
1072 2688 1180 2748 distin·

140 2823 181 2872 97.
203 2826 286 2883 borea,
316 2820 341 2869 d.
362 2822 385 2869 b.
406 2823 533 2873 'bacarium
559 2821 621 2871 oder
663 2828 698 2875 bis
717 2827 814 2875 assiduo
827 2827 889 2874 circo
906 2839 958 2872 eom
981 2824 1062 2871 maadi
1086 2823 1177 2871 colobi-

107 2891 258 2951 boroloqium.
293 2885 342 2935 Ein
376 2887 482 2936 zweites
511 2887 620 2952 Beispiel
663 2893 728 2941 litote
745 2898 844 2954 cogente.
874 2886 937 2936 Plin·
958 2886 990 2935 H·
1010 2883 1042 2935 N·
1064 2884 1093 2942 Π,
1115 2887 1157 2938 64·

105 2969 154 3003 von
173 2959 243 3005 borae
261 2953 286 3001 in
305 2953 389 3002 dieser
404 2944 553 3015 Redeutung
575 2955 620 3003 lin-¹
696 2960 826 3008 insatiabili
853 2958 977 3015 uarietate,
1008 2953 1032 3001 d.
1065 2953 1088 3000 b.
1112 2956 1179 3018 'quae

106 3021 150 3071 det
167 3019 219 3070 sicb
237 3019 394 3069 schwerlich.
432 3018 497 3068 Dass
516 3034 547 3068 au
563 3021 619 3070 cine
662 3040 779 3088 nunqnam
808 3039 850 3072 aas
880 3024 965 3072 sotiot:
1001 3019 1041 3068 die
1073 3018 1177 3069 niemals'

106 3087 284 3156 hydrauliscbe
303 3087 353 3138 Ubr
371 3104 402 3137 zu
426 3086 536 3144 denken,
569 3087 620 3137 zei·
664 3088 798 3151 Sittigung
822 3087 872 3137 und
895 3086 1052 3136 Uebcrdruss
1075 3086 1178 3137 hervor-

35 3147 41 3168 '
105 3171 153 3218 gen
169 3155 312 3207 dieWorte
325 3160 494 3209 machinatione
512 3158 619 3220 quadam.
662 3155 755 3219 bringi.
792 3155 893 3205 Ebenso
907 3169 929 3203 c.
951 3155 991 3212 62,
1020 3157 1083 3206 155:
1112 3160 1178 3208 iaaa-

140 3218 190 3279 39.
211 3224 253 3275 98.
273 3228 367 3289 ipsein
384 3240 434 3275 sese
451 3226 545 3274 autibus
568 3227 619 3274 auis
661 3228 766 3277 liubiliar
783 3228 877 3290 species.
898 3222 940 3272 rr.
962 3221 1079 3273 Hortens.
1094 3216 1174 3272 orell.
1226 3240 1228 3245 ’

105 3295 257 3355 conglobata:
275 3289 453 3353 inKugelforru
465 3303 620 3343 zusammen-
661 3290 703 3349 tv,
725 3293 740 3342 2
765 3306 789 3356 p.
808 3292 873 3343 482:
891 3294 949 3343 caeli
967 3295 1085 3355 signorum
1103 3295 1178 3342 admi·
1219 3289 1233 3297 '

105 3356 200 3420 geballt
217 3357 294 3406 durch
313 3357 358 3408 das
376 3357 483 3408 Streban
500 3356 566 3407 aller
582 3357 619 3407 ib·
659 3363 757 3412 rabilem
781 3363 885 3411 ardicam
907 3361 1108 3423 insatiabilemque
1124 3361 1178 3423 pal-

104 3441 149 3476 rcr
165 3423 253 3475 Tbeile
280 3441 336 3475 zum
353 3425 521 3492 Mittelpunkt.
558 3424 616 3488 Vgl.
660 3431 812 3479 cbritadiaem
841 3431 915 3491 acopis
945 3434 1041 3492 spectat.
1076 3424 1178 3473 Andere

106 3508 127 3542 c.
148 3494 276 3560 capita:
307 3498 411 3546 omuibus
439 3498 489 3546 eius
512 3497 618 3559 partibor
661 3493 786 3559 Beispiele
809 3509 859 3542 von
877 3493 937 3557 adj.
963 3491 1048 3541 dieser
1070 3491 1178 3552 Rildung

105 3565 130 3612 ia
147 3564 247 3612 medium
264 3566 415 3624 serpentibus.
440 3559 619 3611 DisselbeEr·
659 3561 705 3612 mit
728 3562 824 3611 activer
841 3560 989 3622 Bedrutung
1014 3558 1070 3608 sind
1087 3563 1177 3610 caimo-

105 3627 213 3688 lrlirnng
236 3627 282 3677 der
299 3627 447 3690 Kugellorrn
470 3627 548 3678 findet
563 3629 618 3679 sicli
662 3628 798 3682 bilicroben
816 3643 838 3677 c.
855 3630 894 3685 36.
916 3630 944 3679 91
968 3643 991 3676 ιι.
1011 3629 1115 3692 patibilis
1125 3624 1176 3683 lli,

105 3695 169 3752 aucb
194 3694 331 3745 anderswo'
357 3695 436 3754 caer,
469 3704 492 3746 i.
517 3695 547 3749 B.
576 3694 618 3747 bei
663 3698 702 3755 12,
730 3698 762 3748 29
790 3696 838 3745 und
863 3696 934 3744 nrcbr
950 3694 992 3744 bei
1009 3692 1125 3743 Perizon.
1145 3709 1177 3743 zu

105 3763 210 3813 Aristot.
244 3762 275 3812 de
302 3762 372 3813 caelo
395 3762 419 3813 ll
442 3778 464 3812 c.
492 3765 531 3815 14.
568 3765 619 3814 An·
662 3763 866 3821 Sanct.lt1in.l,
891 3765 929 3820 lb,
951 3765 976 3812 4.

106 3831 167 3880 dere
189 3829 293 3880 leiteten
316 3831 353 3880 sie
376 3846 425 3882 van
453 3830 620 3882 derUmdre'·
696 3834 738 3884 99.
759 3835 852 3897 tapsar,
876 3846 926 3880 von
939 3829 1017 3894 iader
1035 3827 1178 3890 gleitenden

105 3900 173 3960 hung
191 3899 235 3947 des
248 3897 366 3949 Hinunels
383 3913 424 3948 usn
442 3897 558 3948 dieldrde
576 3897 616 3958 ali,
662 3898 813 3962 bewegung,
830 3897 883 3948 also
896 3898 958 3948 auch
968 3911 1017 3946 von
1031 3896 1087 3945 dean
1099 3895 1177 3945 durcb

63 3976 68 3981 '
106 3971 239 4018 immensum
257 3971 306 4018 eius
324 3971 415 4032 globum
432 3971 457 4018 ia
474 3973 620 4032 formamur-
663 3967 704 4016 die
717 3967 779 4017 Lun
797 3965 871 4015 dabiu
888 3965 1030 4028 gleiteuden
1049 3962 1158 4024 Fruge.
