<?xml version="1.0" encoding="UTF-8"?>
<!DOCTYPE html PUBLIC "-//W3C//DTD XHTML 1.0 Transitional//EN"
    "http://www.w3.org/TR/xhtml1/DTD/xhtml1-transitional.dtd">
<html xmlns="http://www.w3.org/1999/xhtml" xml:lang="en" lang="en">
 <head>
  <title>
</title>
<meta http-equiv="Content-Type" content="text/html;charset=utf-8" />
  <meta name='ocr-system' content='tesseract 3.04.00' />
  <meta name='ocr-capabilities' content='ocr_page ocr_carea ocr_par ocr_line ocrx_word'/>
</head>
<body>
  <div class='ocr_page' id='page_1' title='image "./mtulliciceronis07cicegoog/mtulliciceronis07cicegoog_0193.png"; bbox 0 0 2640 4418; ppageno 0'>
   <div class='ocr_carea' id='block_1_1' title="bbox 157 337 1046 427">
    <p class='ocr_par' dir='ltr' id='par_1_1' title="bbox 157 337 1046 427">
     <span class='ocr_line' id='line_1_1' title="bbox 157 337 1046 427; baseline 0.001 -29"><span class='ocrx_word' id='word_1_1' title='bbox 157 337 217 400; x_wconf 84' lang='lat'>182</span> <span class='ocrx_word' id='word_1_2' title='bbox 334 348 378 399; x_wconf 92' lang='lat' dir='ltr'>uu</span> <span class='ocrx_word' id='word_1_3' title='bbox 397 347 530 400; x_wconf 79' lang='lat' dir='ltr'>uuuuuu</span> <span class='ocrx_word' id='word_1_4' title='bbox 549 338 695 399; x_wconf 79' lang='lat' dir='ltr'>uudnuu.</span> <span class='ocrx_word' id='word_1_5' title='bbox 716 347 778 398; x_wconf 77' lang='lat' dir='ltr'>cru.</span> <span class='ocrx_word' id='word_1_6' title='bbox 799 347 836 413; x_wconf 68' lang='lat' dir='ltr'>u„</span> <span class='ocrx_word' id='word_1_7' title='bbox 852 347 923 399; x_wconf 78' lang='lat' dir='ltr'>cur.</span> <span class='ocrx_word' id='word_1_8' title='bbox 944 351 1046 427; x_wconf 46' lang='lat' dir='ltr'>oo3or.</span> 
     </span>
    </p>
   </div>
   <div class='ocr_carea' id='block_1_2' title="bbox 59 501 1308 2090">
    <p class='ocr_par' dir='ltr' id='par_1_2' title="bbox 99 501 1308 1347">
     <span class='ocr_line' id='line_1_2' title="bbox 157 501 1301 586; baseline 0.005 -22"><span class='ocrx_word' id='word_1_9' title='bbox 157 503 293 576; x_wconf 86' lang='lat' dir='ltr'>ostentis,</span> <span class='ocrx_word' id='word_1_10' title='bbox 315 502 408 565; x_wconf 88' lang='lat' dir='ltr'>multa</span> <span class='ocrx_word' id='word_1_11' title='bbox 431 503 506 565; x_wconf 85' lang='lat' dir='ltr'>extis</span> <span class='ocrx_word' id='word_1_12' title='bbox 529 503 723 564; x_wconf 83' lang='lat' dir='ltr'><strong>admonemur</strong></span> <span class='ocrx_word' id='word_1_13' title='bbox 742 501 904 582; x_wconf 88' lang='lat' dir='ltr'>multisque</span> <span class='ocrx_word' id='word_1_14' title='bbox 924 503 1119 578; x_wconf 69' lang='lat' dir='ltr'>rebusmliis‚</span> <span class='ocrx_word' id='word_1_15' title='bbox 1153 525 1232 586; x_wconf 89' lang='lat' dir='ltr'>quas</span> <span class='ocrx_word' id='word_1_16' title='bbox 1298 554 1301 570; x_wconf 89' lang='lat'>.</span> 
     </span>
     <span class='ocr_line' id='line_1_3' title="bbox 156 587 1231 661; baseline 0.003 -12"><span class='ocrx_word' id='word_1_17' title='bbox 156 589 314 650; x_wconf 92' lang='lat' dir='ltr'>diuturnus</span> <span class='ocrx_word' id='word_1_18' title='bbox 347 605 420 648; x_wconf 92' lang='lat' dir='ltr'>usus</span> <span class='ocrx_word' id='word_1_19' title='bbox 451 588 492 648; x_wconf 92' lang='lat' dir='ltr'>ita</span> <span class='ocrx_word' id='word_1_20' title='bbox 514 587 643 661; x_wconf 88' lang='lat' dir='ltr'>notavit,</span> <span class='ocrx_word' id='word_1_21' title='bbox 675 594 709 649; x_wconf 90' lang='lat' dir='ltr'>ut</span> <span class='ocrx_word' id='word_1_22' title='bbox 730 594 823 649; x_wconf 89' lang='lat' dir='ltr'>artem</span> <span class='ocrx_word' id='word_1_23' title='bbox 857 587 1050 650; x_wconf 84' lang='lat' dir='ltr'>divinationis</span> <span class='ocrx_word' id='word_1_24' title='bbox 1085 589 1231 652; x_wconf 76' lang='lat' dir='ltr'>efiiceret.</span> 
     </span>
     <span class='ocr_line' id='line_1_4' title="bbox 99 667 1229 754; baseline 0.002 -19"><span class='ocrx_word' id='word_1_25' title='bbox 99 667 148 735; x_wconf 77' lang='grc'>167</span> <span class='ocrx_word' id='word_1_26' title='bbox 158 673 252 734; x_wconf 87' lang='lat' dir='ltr'>Nemo</span> <span class='ocrx_word' id='word_1_27' title='bbox 275 673 364 750; x_wconf 81' lang='lat' dir='ltr'>igitur</span> <span class='ocrx_word' id='word_1_28' title='bbox 384 671 431 732; x_wconf 85' lang='lat' dir='ltr'>vir</span> <span class='ocrx_word' id='word_1_29' title='bbox 451 689 575 750; x_wconf 84' lang='lat' dir='ltr'>magnus</span> <span class='ocrx_word' id='word_1_30' title='bbox 609 672 675 733; x_wconf 85' lang='lat' dir='ltr'>sinc</span> <span class='ocrx_word' id='word_1_31' title='bbox 707 671 805 751; x_wconf 89' lang='lat' dir='ltr'>aliquo</span> <span class='ocrx_word' id='word_1_32' title='bbox 838 673 941 734; x_wconf 88' lang='lat' dir='ltr'>alllatu</span> <span class='ocrx_word' id='word_1_33' title='bbox 962 673 1064 734; x_wconf 89' lang='lat' dir='ltr'>divino</span> <span class='ocrx_word' id='word_1_34' title='bbox 1086 690 1229 754; x_wconf 88' lang='lat' dir='ltr'>umquam</span> 
     </span>
     <span class='ocr_line' id='line_1_5' title="bbox 138 756 1239 836; baseline 0.003 -18"><span class='ocrx_word' id='word_1_35' title='bbox 138 758 221 832; x_wconf 63' lang='lat' dir='ltr'>luit.</span> <span class='ocrx_word' id='word_1_36' title='bbox 252 757 315 819; x_wconf 89' lang='lat' dir='ltr'>Nec</span> <span class='ocrx_word' id='word_1_37' title='bbox 329 775 399 818; x_wconf 88' lang='lat' dir='ltr'>vero</span> <span class='ocrx_word' id='word_1_38' title='bbox 415 756 445 817; x_wconf 93' lang='lat' dir='ltr'>id</span> <span class='ocrx_word' id='word_1_39' title='bbox 461 757 502 818; x_wconf 88' lang='lat' dir='ltr'>ita</span> <span class='ocrx_word' id='word_1_40' title='bbox 524 756 719 818; x_wconf 81' lang='lat' dir='ltr'>refellendum</span> <span class='ocrx_word' id='word_1_41' title='bbox 743 764 797 829; x_wconf 88' lang='lat' dir='ltr'>est,</span> <span class='ocrx_word' id='word_1_42' title='bbox 822 764 863 830; x_wconf 92' lang='lat' dir='ltr'>ut,</span> <span class='ocrx_word' id='word_1_43' title='bbox 887 757 913 818; x_wconf 87' lang='lat' dir='ltr'>si</span> <span class='ocrx_word' id='word_1_44' title='bbox 931 758 1088 836; x_wconf 81' lang='lat' dir='ltr'>segelibus</span> <span class='ocrx_word' id='word_1_45' title='bbox 1111 768 1163 821; x_wconf 91' lang='lat' dir='ltr'>aut</span> <span class='ocrx_word' id='word_1_46' title='bbox 1182 761 1239 821; x_wconf 53' lang='lat' dir='ltr'>vi-&gt;</span> 
     </span>
     <span class='ocr_line' id='line_1_6' title="bbox 155 836 1230 922; baseline 0.001 -17"><span class='ocrx_word' id='word_1_47' title='bbox 155 842 234 905; x_wconf 85' lang='lat' dir='ltr'>uelis</span> <span class='ocrx_word' id='word_1_48' title='bbox 257 836 423 921; x_wconf 83' lang='lat' dir='ltr'>cuius&#39;piam</span> <span class='ocrx_word' id='word_1_49' title='bbox 446 849 608 921; x_wconf 89' lang='lat' dir='ltr'>tempestas</span> <span class='ocrx_word' id='word_1_50' title='bbox 631 841 783 913; x_wconf 81' lang='lat' dir='ltr'>nocuerit,</span> <span class='ocrx_word' id='word_1_51' title='bbox 805 850 855 902; x_wconf 91' lang='lat' dir='ltr'>aut</span> <span class='ocrx_word' id='word_1_52' title='bbox 876 841 902 902; x_wconf 92' lang='lat' dir='ltr'>si</span> <span class='ocrx_word' id='word_1_53' title='bbox 926 843 996 922; x_wconf 90' lang='lat' dir='ltr'>quid</span> <span class='ocrx_word' id='word_1_54' title='bbox 1015 841 1122 905; x_wconf 85' lang='lat' dir='ltr'>evitae</span> <span class='ocrx_word' id='word_1_55' title='bbox 1144 862 1230 906; x_wconf 92' lang='lat' dir='ltr'>com-</span> 
     </span>
     <span class='ocr_line' id='line_1_7' title="bbox 154 918 1308 1012; baseline 0.003 -23"><span class='ocrx_word' id='word_1_56' title='bbox 154 927 253 989; x_wconf 90' lang='lat' dir='ltr'>modis</span> <span class='ocrx_word' id='word_1_57' title='bbox 275 945 362 988; x_wconf 88' lang='lat' dir='ltr'>casus</span> <span class='ocrx_word' id='word_1_58' title='bbox 386 925 557 997; x_wconf 84' lang='lat' dir='ltr'>abstulerit,</span> <span class='ocrx_word' id='word_1_59' title='bbox 582 945 659 1012; x_wconf 80' lang='lat' dir='ltr'>eum,</span> <span class='ocrx_word' id='word_1_60' title='bbox 693 926 739 988; x_wconf 91' lang='lat' dir='ltr'>cui</span> <span class='ocrx_word' id='word_1_61' title='bbox 764 925 835 1006; x_wconf 91' lang='lat' dir='ltr'>quid</span> <span class='ocrx_word' id='word_1_62' title='bbox 858 925 964 988; x_wconf 92' lang='lat' dir='ltr'>horum</span> <span class='ocrx_word' id='word_1_63' title='bbox 988 918 1139 1002; x_wconf 77' lang='lat' dir='ltr'>acciderit,</span> <span class='ocrx_word' id='word_1_64' title='bbox 1177 939 1232 991; x_wconf 88' lang='lat' dir='ltr'>aut</span> <span class='ocrx_word' id='word_1_65' title='bbox 1305 958 1308 965; x_wconf 94' lang='lat'>·</span> 
     </span>
     <span class='ocr_line' id='line_1_8' title="bbox 155 1011 1228 1090; baseline 0 -16"><span class='ocrx_word' id='word_1_66' title='bbox 155 1011 282 1074; x_wconf 83' lang='lat' dir='ltr'>invisum</span> <span class='ocrx_word' id='word_1_67' title='bbox 316 1011 373 1072; x_wconf 92' lang='lat' dir='ltr'>deo</span> <span class='ocrx_word' id='word_1_68' title='bbox 407 1019 457 1072; x_wconf 82' lang='lat' dir='ltr'>aut</span> <span class='ocrx_word' id='word_1_69' title='bbox 488 1011 655 1089; x_wconf 80' lang='lat' dir='ltr'>neglectum</span> <span class='ocrx_word' id='word_1_70' title='bbox 689 1030 706 1071; x_wconf 88' lang='lat' dir='ltr'>a</span> <span class='ocrx_word' id='word_1_71' title='bbox 734 1011 791 1072; x_wconf 75' lang='lat' dir='ltr'>dm)</span> <span class='ocrx_word' id='word_1_72' title='bbox 824 1011 1002 1073; x_wconf 79' lang='lat' dir='ltr'>iudicemus</span> <span class='ocrx_word' id='word_1_73' title='bbox 1045 1012 1149 1090; x_wconf 77' lang='lat' dir='ltr'>Magna</span> <span class='ocrx_word' id='word_1_74' title='bbox 1183 1014 1228 1074; x_wconf 89' lang='lat' dir='ltr'>dii</span> 
     </span>
     <span class='ocr_line' id='line_1_9' title="bbox 156 1095 1227 1177; baseline 0.001 -19"><span class='ocrx_word' id='word_1_75' title='bbox 156 1104 270 1169; x_wconf 89' lang='lat' dir='ltr'>curant,</span> <span class='ocrx_word' id='word_1_76' title='bbox 293 1114 381 1174; x_wconf 85' lang='lat' dir='ltr'>parva</span> <span class='ocrx_word' id='word_1_77' title='bbox 404 1095 567 1174; x_wconf 84' lang='lat' dir='ltr'>negligunt.</span> <span class='ocrx_word' id='word_1_78' title='bbox 598 1095 725 1172; x_wconf 76' lang='lat' dir='ltr'>&#39;Magnis</span> <span class='ocrx_word' id='word_1_79' title='bbox 754 1102 851 1157; x_wconf 91' lang='lat' dir='ltr'>autem</span> <span class='ocrx_word' id='word_1_80' title='bbox 883 1095 955 1157; x_wconf 82' lang='lat' dir='ltr'>viris</span> <span class='ocrx_word' id='word_1_81' title='bbox 978 1115 1123 1177; x_wconf 83' lang='lat' dir='ltr'>prospere</span> <span class='ocrx_word' id='word_1_82' title='bbox 1145 1116 1227 1159; x_wconf 91' lang='lat' dir='ltr'>sem-</span> 
     </span>
     <span class='ocr_line' id='line_1_10' title="bbox 155 1179 1230 1265; baseline 0.001 -23"><span class='ocrx_word' id='word_1_83' title='bbox 155 1200 210 1265; x_wconf 90' lang='lat' dir='ltr'>per</span> <span class='ocrx_word' id='word_1_84' title='bbox 232 1180 372 1241; x_wconf 82' lang='lat' dir='ltr'>eveniunt</span> <span class='ocrx_word' id='word_1_85' title='bbox 385 1198 489 1240; x_wconf 89' lang='lat' dir='ltr'>omnes</span> <span class='ocrx_word' id='word_1_86' title='bbox 512 1199 571 1252; x_wconf 78' lang='lat' dir='ltr'>rec,</span> <span class='ocrx_word' id='word_1_87' title='bbox 595 1179 742 1259; x_wconf 90' lang='lat' dir='ltr'>siquidem</span> <span class='ocrx_word' id='word_1_88' title='bbox 756 1179 857 1241; x_wconf 86' lang='lat' dir='ltr'>satisa</span> <span class='ocrx_word' id='word_1_89' title='bbox 874 1180 986 1241; x_wconf 87' lang='lat' dir='ltr'>nostris</span> <span class='ocrx_word' id='word_1_90' title='bbox 1010 1190 1070 1243; x_wconf 87' lang='lat' dir='ltr'>eta</span> <span class='ocrx_word' id='word_1_91' title='bbox 1088 1181 1230 1262; x_wconf 86' lang='lat' dir='ltr'>principe</span> 
     </span>
     <span class='ocr_line' id='line_1_11' title="bbox 155 1262 1228 1347; baseline 0.002 -21"><span class='ocrx_word' id='word_1_92' title='bbox 155 1265 364 1346; x_wconf 90' lang='lat' dir='ltr'>philosophiae</span> <span class='ocrx_word' id='word_1_93' title='bbox 378 1264 500 1325; x_wconf 88' lang='lat' dir='ltr'>Socrate</span> <span class='ocrx_word' id='word_1_94' title='bbox 514 1265 627 1326; x_wconf 88' lang='lat' dir='ltr'>dictum</span> <span class='ocrx_word' id='word_1_95' title='bbox 639 1262 735 1325; x_wconf 82' lang='lat' dir='ltr'>estdc</span> <span class='ocrx_word' id='word_1_96' title='bbox 750 1264 1064 1339; x_wconf 72' lang='lat' dir='ltr'>uberutibus,virtutis</span> <span class='ocrx_word' id='word_1_97' title='bbox 1073 1277 1103 1327; x_wconf 88' lang='lat' dir='ltr'>et</span> <span class='ocrx_word' id='word_1_98' title='bbox 1117 1267 1228 1347; x_wconf 90' lang='lat' dir='ltr'>copiis.</span> 
     </span>
    </p>

    <p class='ocr_par' dir='ltr' id='par_1_3' title="bbox 59 1347 1281 2023">
     <span class='ocr_line' id='line_1_12' title="bbox 100 1347 1227 1431; baseline 0.002 -20"><span class='ocrx_word' id='word_1_99' title='bbox 100 1347 143 1416; x_wconf 74' lang='lat'>67</span> <span class='ocrx_word' id='word_1_100' title='bbox 198 1351 280 1412; x_wconf 91' lang='lat' dir='ltr'>Haec</span> <span class='ocrx_word' id='word_1_101' title='bbox 301 1349 374 1409; x_wconf 90' lang='lat' dir='ltr'>mihi</span> <span class='ocrx_word' id='word_1_102' title='bbox 412 1350 476 1410; x_wconf 85' lang='lat' dir='ltr'>lere</span> <span class='ocrx_word' id='word_1_103' title='bbox 498 1350 529 1410; x_wconf 92' lang='lat' dir='ltr'>in</span> <span class='ocrx_word' id='word_1_104' title='bbox 565 1358 693 1410; x_wconf 89' lang='lat' dir='ltr'>mentem</span> <span class='ocrx_word' id='word_1_105' title='bbox 716 1348 883 1422; x_wconf 86' lang='lat' dir='ltr'>veniebant,</span> <span class='ocrx_word' id='word_1_106' title='bbox 919 1368 995 1429; x_wconf 90' lang='lat' dir='ltr'>quae</span> <span class='ocrx_word' id='word_1_107' title='bbox 1018 1350 1146 1412; x_wconf 89' lang='lat' dir='ltr'>dicenda</span> <span class='ocrx_word' id='word_1_108' title='bbox 1168 1370 1227 1431; x_wconf 89' lang='lat' dir='ltr'>pu·</span> 
     </span>
     <span class='ocr_line' id='line_1_13' title="bbox 100 1433 1281 1510; baseline 0.001 -13"><span class='ocrx_word' id='word_1_109' title='bbox 100 1445 144 1497; x_wconf 80' lang='lat'>168</span> <span class='ocrx_word' id='word_1_110' title='bbox 158 1444 251 1496; x_wconf 89' lang='lat' dir='ltr'>tarem</span> <span class='ocrx_word' id='word_1_111' title='bbox 274 1433 311 1495; x_wconf 93' lang='lat' dir='ltr'>de</span> <span class='ocrx_word' id='word_1_112' title='bbox 334 1441 437 1494; x_wconf 91' lang='lat' dir='ltr'>natura</span> <span class='ocrx_word' id='word_1_113' title='bbox 463 1435 597 1495; x_wconf 91' lang='lat' dir='ltr'>deorum.</span> <span class='ocrx_word' id='word_1_114' title='bbox 641 1433 687 1493; x_wconf 90' lang='grc' dir='ltr'>Τιι</span> <span class='ocrx_word' id='word_1_115' title='bbox 710 1442 823 1506; x_wconf 88' lang='lat' dir='ltr'>autem,</span> <span class='ocrx_word' id='word_1_116' title='bbox 853 1434 955 1506; x_wconf 87' lang='lat' dir='ltr'>Cotta,</span> <span class='ocrx_word' id='word_1_117' title='bbox 984 1434 1011 1496; x_wconf 91' lang='lat' dir='ltr'>si</span> <span class='ocrx_word' id='word_1_118' title='bbox 1039 1453 1086 1499; x_wconf 89' lang='lat' dir='ltr'>me</span> <span class='ocrx_word' id='word_1_119' title='bbox 1110 1436 1228 1510; x_wconf 87' lang='lat' dir='ltr'>audias,</span> <span class='ocrx_word' id='word_1_120' title='bbox 1263 1439 1281 1466; x_wconf 87' lang='grc'>·’</span> 
     </span>
     <span class='ocr_line' id='line_1_14' title="bbox 156 1518 1228 1601; baseline 0.002 -20"><span class='ocrx_word' id='word_1_121' title='bbox 156 1521 279 1582; x_wconf 92' lang='lat' dir='ltr'>eandem</span> <span class='ocrx_word' id='word_1_122' title='bbox 313 1537 450 1580; x_wconf 81' lang='lat' dir='ltr'>caussam</span> <span class='ocrx_word' id='word_1_123' title='bbox 473 1536 542 1596; x_wconf 82' lang='lat' dir='ltr'>ages</span> <span class='ocrx_word' id='word_1_124' title='bbox 576 1528 664 1597; x_wconf 88' lang='lat' dir='ltr'>teque</span> <span class='ocrx_word' id='word_1_125' title='bbox 679 1518 717 1578; x_wconf 82' lang='lat' dir='ltr'>&#39;et</span> <span class='ocrx_word' id='word_1_126' title='bbox 738 1518 903 1597; x_wconf 88' lang='lat' dir='ltr'>principem</span> <span class='ocrx_word' id='word_1_127' title='bbox 926 1519 1021 1581; x_wconf 89' lang='lat' dir='ltr'>civem</span> <span class='ocrx_word' id='word_1_128' title='bbox 1044 1528 1074 1580; x_wconf 89' lang='lat' dir='ltr'>et</span> <span class='ocrx_word' id='word_1_129' title='bbox 1102 1521 1228 1601; x_wconf 88' lang='lat' dir='ltr'>pontifi-</span> 
     </span>
     <span class='ocr_line' id='line_1_15' title="bbox 157 1603 1229 1684; baseline 0.003 -20"><span class='ocrx_word' id='word_1_130' title='bbox 157 1623 222 1667; x_wconf 90' lang='lat' dir='ltr'>cem</span> <span class='ocrx_word' id='word_1_131' title='bbox 243 1622 311 1666; x_wconf 87' lang='lat' dir='ltr'>esse</span> <span class='ocrx_word' id='word_1_132' title='bbox 349 1603 463 1681; x_wconf 81' lang='lat' dir='ltr'>cogites</span> <span class='ocrx_word' id='word_1_133' title='bbox 486 1612 530 1675; x_wconf 87' lang='lat' dir='ltr'>et,</span> <span class='ocrx_word' id='word_1_134' title='bbox 567 1603 707 1682; x_wconf 90' lang='lat' dir='ltr'>quoniam</span> <span class='ocrx_word' id='word_1_135' title='bbox 744 1603 774 1663; x_wconf 96' lang='lat' dir='ltr'>in</span> <span class='ocrx_word' id='word_1_136' title='bbox 797 1611 953 1682; x_wconf 87' lang='lat' dir='ltr'>utramque</span> <span class='ocrx_word' id='word_1_137' title='bbox 988 1606 1104 1684; x_wconf 86' lang='lat' dir='ltr'>partem</span> <span class='ocrx_word' id='word_1_138' title='bbox 1140 1604 1229 1681; x_wconf 76' lang='lat' dir='ltr'>iobis</span> 
     </span>
     <span class='ocr_line' id='line_1_16' title="bbox 161 1687 1226 1768; baseline 0.001 -18"><span class='ocrx_word' id='word_1_139' title='bbox 161 1690 232 1750; x_wconf 87' lang='lat' dir='ltr'>licet</span> <span class='ocrx_word' id='word_1_140' title='bbox 255 1688 424 1768; x_wconf 88' lang='lat' dir='ltr'>disputare,</span> <span class='ocrx_word' id='word_1_141' title='bbox 446 1687 523 1748; x_wconf 91' lang='lat' dir='ltr'>hanc</span> <span class='ocrx_word' id='word_1_142' title='bbox 545 1687 646 1766; x_wconf 89' lang='lat' dir='ltr'>potius</span> <span class='ocrx_word' id='word_1_143' title='bbox 670 1706 786 1758; x_wconf 77' lang='lat' dir='ltr'>sumac,</span> <span class='ocrx_word' id='word_1_144' title='bbox 820 1707 946 1768; x_wconf 86' lang='lat' dir='ltr'>eamque</span> <span class='ocrx_word' id='word_1_145' title='bbox 968 1689 1140 1750; x_wconf 82' lang='lat' dir='ltr'>facultatem</span> <span class='ocrx_word' id='word_1_146' title='bbox 1162 1691 1226 1752; x_wconf 91' lang='lat' dir='ltr'>dis-</span> 
     </span>
     <span class='ocr_line' id='line_1_17' title="bbox 158 1771 1229 1854; baseline 0.001 -19"><span class='ocrx_word' id='word_1_147' title='bbox 158 1772 293 1850; x_wconf 75' lang='lat' dir='ltr'>serendi,</span> <span class='ocrx_word' id='word_1_148' title='bbox 334 1790 423 1850; x_wconf 86' lang='lat' dir='ltr'>quam</span> <span class='ocrx_word' id='word_1_149' title='bbox 450 1771 504 1832; x_wconf 88' lang='lat' dir='ltr'>tibi</span> <span class='ocrx_word' id='word_1_150' title='bbox 534 1791 550 1832; x_wconf 92' lang='lat' dir='ltr'>a</span> <span class='ocrx_word' id='word_1_151' title='bbox 578 1771 1036 1851; x_wconf 59' lang='lat' dir='ltr'>rhetoricis}exercitationibus</span> <span class='ocrx_word' id='word_1_152' title='bbox 1072 1783 1229 1854; x_wconf 86' lang='lat' dir='ltr'>acceptam</span> 
     </span>
     <span class='ocr_line' id='line_1_18' title="bbox 84 1855 1229 1937; baseline 0.002 -18"><span class='ocrx_word' id='word_1_153' title='bbox 84 1860 87 1869; x_wconf 83' lang='grc'><em>“</em></span> <span class='ocrx_word' id='word_1_154' title='bbox 157 1855 348 1937; x_wconf 83' lang='lat' dir='ltr'>amplificavit</span> <span class='ocrx_word' id='word_1_155' title='bbox 379 1857 552 1929; x_wconf 86' lang='lat' dir='ltr'>Academia,</span> <span class='ocrx_word' id='word_1_156' title='bbox 585 1857 644 1917; x_wconf 92' lang='lat' dir='ltr'>huo</span> <span class='ocrx_word' id='word_1_157' title='bbox 676 1856 776 1935; x_wconf 89' lang='lat' dir='ltr'>potius</span> <span class='ocrx_word' id='word_1_158' title='bbox 805 1858 952 1918; x_wconf 87' lang='lat' dir='ltr'>conseras.</span> <span class='ocrx_word' id='word_1_159' title='bbox 996 1857 1072 1920; x_wconf 85' lang='lat' dir='ltr'>Mala</span> <span class='ocrx_word' id='word_1_160' title='bbox 1095 1859 1173 1920; x_wconf 90' lang='lat' dir='ltr'>enim</span> <span class='ocrx_word' id='word_1_161' title='bbox 1196 1869 1229 1920; x_wconf 89' lang='lat' dir='ltr'>et</span> 
     </span>
     <span class='ocr_line' id='line_1_19' title="bbox 59 1936 1227 2023; baseline 0 -19"><span class='ocrx_word' id='word_1_162' title='bbox 59 1936 67 1948; x_wconf 70' lang='grc'><strong>’</strong></span> <span class='ocrx_word' id='word_1_163' title='bbox 157 1943 247 2023; x_wconf 87' lang='lat' dir='ltr'>impia</span> <span class='ocrx_word' id='word_1_164' title='bbox 272 1942 456 2002; x_wconf 88' lang='lat' dir='ltr'>consuetudo</span> <span class='ocrx_word' id='word_1_165' title='bbox 476 1953 526 2011; x_wconf 84' lang='lat' dir='ltr'>¹est</span> <span class='ocrx_word' id='word_1_166' title='bbox 549 1953 651 2002; x_wconf 88' lang='lat' dir='ltr'>contra</span> <span class='ocrx_word' id='word_1_167' title='bbox 674 1942 747 2003; x_wconf 86' lang='lat' dir='ltr'>deos</span> <span class='ocrx_word' id='word_1_168' title='bbox 769 1941 957 2022; x_wconf 85' lang='lat' dir='ltr'>disputandi,</span> <span class='ocrx_word' id='word_1_169' title='bbox 981 1943 1045 2004; x_wconf 88' lang='lat' dir='ltr'>sive</span> <span class='ocrx_word' id='word_1_170' title='bbox 1066 1963 1102 2005; x_wconf 85' lang='lat' dir='ltr'>ex</span> <span class='ocrx_word' id='word_1_171' title='bbox 1124 1942 1227 2007; x_wconf 90' lang='lat' dir='ltr'>animo</span> 
     </span>
    </p>

    <p class='ocr_par' dir='ltr' id='par_1_4' title="bbox 155 2025 1226 2090">
     <span class='ocr_line' id='line_1_20' title="bbox 155 2025 1226 2090; baseline -0.002 -1"><span class='ocrx_word' id='word_1_172' title='bbox 155 2028 187 2090; x_wconf 95' lang='lat' dir='ltr'>id</span> <span class='ocrx_word' id='word_1_173' title='bbox 208 2028 241 2087; x_wconf 90' lang='lat' dir='ltr'>fit</span> <span class='ocrx_word' id='word_1_174' title='bbox 264 2027 325 2088; x_wconf 88' lang='lat' dir='ltr'>sive</span> <span class='ocrx_word' id='word_1_175' title='bbox 349 2025 496 2086; x_wconf 84' lang='lat' dir='ltr'>simulate.</span> <span class='ocrx_word' id='word_1_176' title='bbox 948 2046 955 2063; x_wconf 63' lang='lat'><strong>*</strong></span> <span class='ocrx_word' id='word_1_177' title='bbox 1221 2054 1226 2059; x_wconf 96' lang='lat'>·</span> 
     </span>
    </p>
   </div>
   <div class='ocr_carea' id='block_1_3' title="bbox 60 2184 1290 3479">
    <p class='ocr_par' dir='ltr' id='par_1_5' title="bbox 156 2184 1230 2602">
     <span class='ocr_line' id='line_1_21' title="bbox 193 2184 1230 2260; baseline 0.003 -16"><span class='ocrx_word' id='word_1_178' title='bbox 193 2195 249 2245; x_wconf 73' lang='lat'>167.</span> <span class='ocrx_word' id='word_1_179' title='bbox 269 2211 351 2258; x_wconf 71' lang='lat' dir='ltr'>mayoc</span> <span class='ocrx_word' id='word_1_180' title='bbox 369 2196 407 2244; x_wconf 82' lang='lat' dir='ltr'>dei</span> <span class='ocrx_word' id='word_1_181' title='bbox 425 2200 517 2254; x_wconf 79' lang='lat' dir='ltr'>carnut,</span> <span class='ocrx_word' id='word_1_182' title='bbox 541 2209 613 2257; x_wconf 85' lang='lat' dir='ltr'>porco</span> <span class='ocrx_word' id='word_1_183' title='bbox 630 2209 671 2242; x_wconf 86' lang='lat' dir='ltr'>ae·</span> <span class='ocrx_word' id='word_1_184' title='bbox 713 2191 754 2240; x_wconf 87' lang='lat' dir='ltr'>die</span> <span class='ocrx_word' id='word_1_185' title='bbox 773 2190 852 2242; x_wconf 87' lang='lat' dir='ltr'>Saehe</span> <span class='ocrx_word' id='word_1_186' title='bbox 870 2191 960 2260; x_wconf 75' lang='lat' dir='ltr'>sellim,</span> <span class='ocrx_word' id='word_1_187' title='bbox 988 2184 1095 2243; x_wconf 86' lang='lat' dir='ltr'>sondern</span> <span class='ocrx_word' id='word_1_188' title='bbox 1116 2209 1166 2244; x_wconf 89' lang='lat' dir='ltr'>nur</span> <span class='ocrx_word' id='word_1_189' title='bbox 1183 2187 1230 2247; x_wconf 86' lang='lat' dir='ltr'>die</span> 
     </span>
     <span class='ocr_line' id='line_1_22' title="bbox 159 2257 1227 2327; baseline 0.001 -15"><span class='ocrx_word' id='word_1_190' title='bbox 159 2265 253 2326; x_wconf 76' lang='lat' dir='ltr'>olipuot.</span> <span class='ocrx_word' id='word_1_191' title='bbox 277 2259 398 2327; x_wconf 79' lang='lat' dir='ltr'>Derselhe</span> <span class='ocrx_word' id='word_1_192' title='bbox 413 2257 574 2309; x_wconf 76' lang='lat' dir='ltr'>Gedanlre&#39;iu</span> <span class='ocrx_word' id='word_1_193' title='bbox 590 2257 671 2308; x_wconf 87' lang='lat' dir='ltr'>ciuem</span> <span class='ocrx_word' id='word_1_194' title='bbox 713 2258 896 2322; x_wconf 77' lang='lat' dir='ltr'>Berechtiguug</span> <span class='ocrx_word' id='word_1_195' title='bbox 913 2261 958 2323; x_wconf 83' lang='lat' dir='ltr'>des</span> <span class='ocrx_word' id='word_1_196' title='bbox 973 2261 1114 2321; x_wconf 76' lang='lat' dir='ltr'>Rodandos,</span> <span class='ocrx_word' id='word_1_197' title='bbox 1136 2261 1174 2312; x_wconf 87' lang='lat' dir='ltr'>sic</span> <span class='ocrx_word' id='word_1_198' title='bbox 1193 2280 1227 2314; x_wconf 85' lang='lat' dir='ltr'>zu</span> 
     </span>
     <span class='ocr_line' id='line_1_23' title="bbox 157 2313 1225 2395; baseline 0.004 -17"><span class='ocrx_word' id='word_1_199' title='bbox 157 2313 363 2395; x_wconf 76' lang='lat' dir='ltr'>Euripideischeu</span> <span class='ocrx_word' id='word_1_200' title='bbox 381 2344 430 2378; x_wconf 89' lang='lat' dir='ltr'>von</span> <span class='ocrx_word' id='word_1_201' title='bbox 447 2326 565 2377; x_wconf 87' lang='lat' dir='ltr'>Plutarch</span> <span class='ocrx_word' id='word_1_202' title='bbox 579 2325 667 2376; x_wconf 86' lang='lat' dir='ltr'>Praec.</span> <span class='ocrx_word' id='word_1_203' title='bbox 712 2325 860 2394; x_wconf 86' lang='lat' dir='ltr'>behaupten,</span> <span class='ocrx_word' id='word_1_204' title='bbox 882 2328 1023 2390; x_wconf 78' lang='lat' dir='ltr'>begmiudet</span> <span class='ocrx_word' id='word_1_205' title='bbox 1039 2329 1143 2381; x_wconf 87' lang='lat' dir='ltr'>werden</span> <span class='ocrx_word' id='word_1_206' title='bbox 1160 2330 1225 2382; x_wconf 84' lang='lat' dir='ltr'>soll:</span> 
     </span>
     <span class='ocr_line' id='line_1_24' title="bbox 156 2387 1230 2476; baseline 0.003 -30"><span class='ocrx_word' id='word_1_207' title='bbox 156 2395 205 2471; x_wconf 89' lang='lat' dir='ltr'>pol.</span> <span class='ocrx_word' id='word_1_208' title='bbox 226 2413 248 2446; x_wconf 87' lang='lat' dir='ltr'>o.</span> <span class='ocrx_word' id='word_1_209' title='bbox 271 2399 301 2448; x_wconf 83' lang='lat'>15</span> <span class='ocrx_word' id='word_1_210' title='bbox 319 2397 402 2459; x_wconf 80' lang='lat' dir='ltr'>angel.</span> <span class='ocrx_word' id='word_1_211' title='bbox 416 2395 510 2447; x_wconf 90' lang='lat' dir='ltr'>Verse:</span> <span class='ocrx_word' id='word_1_212' title='bbox 531 2394 587 2443; x_wconf 81' lang='grc' dir='ltr'>τῶν</span> <span class='ocrx_word' id='word_1_213' title='bbox 599 2387 671 2476; x_wconf 57' lang='lat' dir='ltr'>o’c&#39;pocv</span> <span class='ocrx_word' id='word_1_214' title='bbox 712 2411 786 2445; x_wconf 90' lang='lat' dir='ltr'>wenu</span> <span class='ocrx_word' id='word_1_215' title='bbox 804 2395 872 2445; x_wconf 86' lang='lat' dir='ltr'>nicht</span> <span class='ocrx_word' id='word_1_216' title='bbox 884 2396 1001 2446; x_wconf 85' lang='lat' dir='ltr'>wirklich</span> <span class='ocrx_word' id='word_1_217' title='bbox 1018 2397 1072 2449; x_wconf 87' lang='lat' dir='ltr'>dies</span> <span class='ocrx_word' id='word_1_218' title='bbox 1089 2413 1138 2448; x_wconf 90' lang='lat' dir='ltr'>vou</span> <span class='ocrx_word' id='word_1_219' title='bbox 1156 2397 1230 2449; x_wconf 80' lang='lat' dir='ltr'>Elui·</span> 
     </span>
     <span class='ocr_line' id='line_1_25' title="bbox 157 2457 996 2531; baseline 0.002 -19"><span class='ocrx_word' id='word_1_220' title='bbox 157 2461 209 2531; x_wconf 81' lang='grc' dir='ltr'>μὲν</span> <span class='ocrx_word' id='word_1_221' title='bbox 227 2458 340 2514; x_wconf 78' lang='grc' dir='ltr'>ἅπτεται</span> <span class='ocrx_word' id='word_1_222' title='bbox 354 2460 429 2520; x_wconf 79' lang='grc' dir='ltr'><em>Θεὸς,</em></span> <span class='ocrx_word' id='word_1_223' title='bbox 448 2459 483 2512; x_wconf 78' lang='grc' dir='ltr'>τὰ</span> <span class='ocrx_word' id='word_1_224' title='bbox 499 2458 583 2530; x_wconf 79' lang='grc' dir='ltr'>μικρὰ</span> <span class='ocrx_word' id='word_1_225' title='bbox 601 2459 619 2511; x_wconf 88' lang='lat' dir='ltr'>d</span> <span class='ocrx_word' id='word_1_226' title='bbox 633 2457 671 2516; x_wconf 79' lang='grc' dir='ltr'>εἷς</span> <span class='ocrx_word' id='word_1_227' title='bbox 708 2478 760 2526; x_wconf 33' lang='lat' dir='ltr'>agen</span> <span class='ocrx_word' id='word_1_228' title='bbox 777 2464 900 2531; x_wconf 82' lang='lat' dir='ltr'>verkannt</span> <span class='ocrx_word' id='word_1_229' title='bbox 916 2466 996 2514; x_wconf 77' lang='lat' dir='ltr'>wdre.</span> 
     </span>
     <span class='ocr_line' id='line_1_26' title="bbox 158 2525 1226 2602; baseline 0.004 -22"><span class='ocrx_word' id='word_1_230' title='bbox 158 2526 243 2598; x_wconf 78' lang='grc' dir='ltr'><em>τύχην</em></span> <span class='ocrx_word' id='word_1_231' title='bbox 260 2525 332 2585; x_wconf 78' lang='grc' dir='ltr'>ἀνεὶς</span> <span class='ocrx_word' id='word_1_232' title='bbox 349 2527 388 2596; x_wconf 74' lang='grc' dir='ltr'>ἐᾷ.</span> <span class='ocrx_word' id='word_1_233' title='bbox 746 2525 796 2586; x_wconf 76' lang='grc'>67.</span> <span class='ocrx_word' id='word_1_234' title='bbox 819 2533 875 2583; x_wconf 81' lang='grc'><strong>168.</strong></span> <span class='ocrx_word' id='word_1_235' title='bbox 896 2537 920 2584; x_wconf 81' lang='lat' dir='ltr'>la</span> <span class='ocrx_word' id='word_1_236' title='bbox 931 2542 1151 2601; x_wconf 68' lang='lat' dir='ltr'>utramquepartem</span> <span class='ocrx_word' id='word_1_237' title='bbox 1163 2537 1226 2602; x_wconf 77' lang='lat' dir='ltr'>disp.</span> 
     </span>
    </p>

    <p class='ocr_par' dir='ltr' id='par_1_6' title="bbox 143 2596 1282 2934">
     <span class='ocr_line' id='line_1_27' title="bbox 191 2596 1226 2668; baseline 0.004 -18"><span class='ocrx_word' id='word_1_238' title='bbox 191 2605 280 2661; x_wconf 74' lang='lat' dir='ltr'>mapale</span> <span class='ocrx_word' id='word_1_239' title='bbox 293 2604 350 2651; x_wconf 80' lang='lat' dir='ltr'>uiris</span> <span class='ocrx_word' id='word_1_240' title='bbox 362 2601 581 2666; x_wconf 79' lang='lat' dir='ltr'>prospareeoeniuut</span> <span class='ocrx_word' id='word_1_241' title='bbox 594 2616 675 2649; x_wconf 73' lang='lat' dir='ltr'>omnes</span> <span class='ocrx_word' id='word_1_242' title='bbox 712 2597 769 2659; x_wconf 75' lang='lat' dir='ltr'>Vgl.</span> <span class='ocrx_word' id='word_1_243' title='bbox 789 2596 891 2648; x_wconf 88' lang='lat' dir='ltr'>Tuscul.</span> <span class='ocrx_word' id='word_1_244' title='bbox 911 2599 941 2659; x_wconf 86' lang='lat' dir='ltr'>ll,</span> <span class='ocrx_word' id='word_1_245' title='bbox 963 2601 986 2659; x_wconf 87' lang='lat'>3,</span> <span class='ocrx_word' id='word_1_246' title='bbox 1008 2602 1037 2652; x_wconf 83' lang='lat'>9:</span> <span class='ocrx_word' id='word_1_247' title='bbox 1063 2602 1226 2668; x_wconf 75' lang='lat' dir='ltr'>Peripatetico-</span> 
     </span>
     <span class='ocr_line' id='line_1_28' title="bbox 156 2662 1282 2735; baseline 0.002 -17"><span class='ocrx_word' id='word_1_248' title='bbox 156 2684 202 2729; x_wconf 72' lang='grc' dir='ltr'>τοι,</span> <span class='ocrx_word' id='word_1_249' title='bbox 222 2667 245 2716; x_wconf 90' lang='lat' dir='ltr'>d.</span> <span class='ocrx_word' id='word_1_250' title='bbox 267 2668 290 2716; x_wconf 85' lang='grc' dir='ltr'>Ιι.</span> <span class='ocrx_word' id='word_1_251' title='bbox 311 2667 357 2716; x_wconf 90' lang='lat' dir='ltr'>deu</span> <span class='ocrx_word' id='word_1_252' title='bbox 372 2664 490 2722; x_wconf 89' lang='lat' dir='ltr'>Weisen‚</span> <span class='ocrx_word' id='word_1_253' title='bbox 511 2662 670 2727; x_wconf 80' lang='lat' dir='ltr'>Tagendhal-</span> <span class='ocrx_word' id='word_1_254' title='bbox 711 2668 1100 2735; x_wconf 79' lang='lat' dir='ltr'>romdoodemloepaecooauetudu,</span> <span class='ocrx_word' id='word_1_255' title='bbox 1117 2673 1227 2722; x_wconf 82' lang='lat' dir='ltr'>deomol—</span> <span class='ocrx_word' id='word_1_256' title='bbox 1264 2687 1282 2698; x_wconf 80' lang='lat'><em>·</em></span> 
     </span>
     <span class='ocr_line' id='line_1_29' title="bbox 157 2732 1224 2802; baseline 0.004 -19"><span class='ocrx_word' id='word_1_257' title='bbox 157 2741 213 2799; x_wconf 86' lang='lat' dir='ltr'>teu:</span> <span class='ocrx_word' id='word_1_258' title='bbox 238 2733 299 2785; x_wconf 90' lang='lat' dir='ltr'>weil</span> <span class='ocrx_word' id='word_1_259' title='bbox 321 2732 427 2783; x_wconf 79' lang='lat' dir='ltr'>nanum</span> <span class='ocrx_word' id='word_1_260' title='bbox 451 2733 512 2782; x_wconf 86' lang='lat' dir='ltr'>uach</span> <span class='ocrx_word' id='word_1_261' title='bbox 537 2733 585 2782; x_wconf 92' lang='lat' dir='ltr'>deu</span> <span class='ocrx_word' id='word_1_262' title='bbox 604 2732 670 2782; x_wconf 88' lang='lat' dir='ltr'>Stoi·</span> <span class='ocrx_word' id='word_1_263' title='bbox 712 2737 754 2784; x_wconf 81' lang='lat' dir='ltr'>lus</span> <span class='ocrx_word' id='word_1_264' title='bbox 771 2739 840 2786; x_wconf 83' lang='lat' dir='ltr'>relos</span> <span class='ocrx_word' id='word_1_265' title='bbox 859 2740 883 2787; x_wconf 83' lang='grc' dir='ltr'>ιἰι</span> <span class='ocrx_word' id='word_1_266' title='bbox 901 2740 1029 2789; x_wconf 80' lang='lat' dir='ltr'>contrarios</span> <span class='ocrx_word' id='word_1_267' title='bbox 1050 2745 1130 2802; x_wconf 79' lang='lat' dir='ltr'>portes</span> <span class='ocrx_word' id='word_1_268' title='bbox 1147 2739 1224 2789; x_wconf 74' lang='lat' dir='ltr'>dicce-</span> 
     </span>
     <span class='ocr_line' id='line_1_30' title="bbox 143 2799 784 2864; baseline 0.002 -13"><span class='ocrx_word' id='word_1_269' title='bbox 143 2799 220 2852; x_wconf 78' lang='lat' dir='ltr'>‘lreru</span> <span class='ocrx_word' id='word_1_270' title='bbox 238 2803 324 2860; x_wconf 88' lang='lat' dir='ltr'>diesen</span> <span class='ocrx_word' id='word_1_271' title='bbox 350 2802 390 2852; x_wconf 90' lang='lat' dir='ltr'>die</span> <span class='ocrx_word' id='word_1_272' title='bbox 408 2799 512 2864; x_wconf 81' lang='lat' dir='ltr'>Tagend</span> <span class='ocrx_word' id='word_1_273' title='bbox 532 2799 606 2850; x_wconf 89' lang='lat' dir='ltr'>allein</span> <span class='ocrx_word' id='word_1_274' title='bbox 623 2816 670 2850; x_wconf 88' lang='lat' dir='ltr'>zur</span> <span class='ocrx_word' id='word_1_275' title='bbox 709 2804 784 2852; x_wconf 80' lang='lat' dir='ltr'>rendi.</span> 
     </span>
     <span class='ocr_line' id='line_1_31' title="bbox 144 2867 1225 2934; baseline 0 -14"><span class='ocrx_word' id='word_1_276' title='bbox 144 2868 356 2934; x_wconf 65' lang='lat' dir='ltr'>xGlirelrseliglreit</span> <span class='ocrx_word' id='word_1_277' title='bbox 377 2870 470 2933; x_wconf 73' lang='lat' dir='ltr'>gentgt</span> <span class='ocrx_word' id='word_1_278' title='bbox 492 2868 542 2918; x_wconf 91' lang='lat' dir='ltr'>und</span> <span class='ocrx_word' id='word_1_279' title='bbox 565 2870 669 2920; x_wconf 75' lang='lat' dir='ltr'>iussere</span> <span class='ocrx_word' id='word_1_280' title='bbox 744 2873 810 2921; x_wconf 80' lang='lat' dir='ltr'>aucit</span> <span class='ocrx_word' id='word_1_281' title='bbox 832 2872 960 2922; x_wconf 82' lang='lat' dir='ltr'>Academia.</span> <span class='ocrx_word' id='word_1_282' title='bbox 1000 2867 1063 2919; x_wconf 87' lang='lat' dir='ltr'>Wic</span> <span class='ocrx_word' id='word_1_283' title='bbox 1088 2869 1225 2921; x_wconf 73' lang='lat' dir='ltr'>ldrderlicln</span> 
     </span>
    </p>

    <p class='ocr_par' dir='ltr' id='par_1_7' title="bbox 64 2934 1242 3005">
     <span class='ocr_line' id='line_1_32' title="bbox 64 2934 1242 3005; baseline 0.002 -18"><span class='ocrx_word' id='word_1_284' title='bbox 64 2999 66 3003; x_wconf 28' lang='grc' dir='ltr'>Ι</span> <span class='ocrx_word' id='word_1_285' title='bbox 131 2934 133 2938; x_wconf 58' lang='lat'>&#39;</span> <span class='ocrx_word' id='word_1_286' title='bbox 157 2936 237 3001; x_wconf 80' lang='lat' dir='ltr'>Dioge</span> <span class='ocrx_word' id='word_1_287' title='bbox 261 2939 297 2989; x_wconf 91' lang='lat' dir='ltr'>sie</span> <span class='ocrx_word' id='word_1_288' title='bbox 321 2938 408 2989; x_wconf 89' lang='lat' dir='ltr'>weder</span> <span class='ocrx_word' id='word_1_289' title='bbox 431 2937 583 3000; x_wconf 70' lang='lat' dir='ltr'>gldclrlicher</span> <span class='ocrx_word' id='word_1_290' title='bbox 599 2937 668 2994; x_wconf 76' lang='lat' dir='ltr'>mooli</span> <span class='ocrx_word' id='word_1_291' title='bbox 711 2937 804 2997; x_wconf 78' lang='lat' dir='ltr'>gcrade</span> <span class='ocrx_word' id='word_1_292' title='bbox 823 2937 863 2986; x_wconf 90' lang='lat' dir='ltr'>dic</span> <span class='ocrx_word' id='word_1_293' title='bbox 877 2935 1050 2988; x_wconf 81' lang='lat' dir='ltr'>alademische</span> <span class='ocrx_word' id='word_1_294' title='bbox 1065 2936 1242 3005; x_wconf 84' lang='lat' dir='ltr'>Philosophie·</span> 
     </span>
    </p>

    <p class='ocr_par' dir='ltr' id='par_1_8' title="bbox 105 3003 1223 3069">
     <span class='ocr_line' id='line_1_33' title="bbox 105 3003 1223 3069; baseline 0.002 -15"><span class='ocrx_word' id='word_1_295' title='bbox 105 3023 106 3026; x_wconf 45' lang='lat'>¹</span> <span class='ocrx_word' id='word_1_296' title='bbox 156 3006 342 3069; x_wconf 77' lang='lat' dir='ltr'>uugldclrlichor</span> <span class='ocrx_word' id='word_1_297' title='bbox 359 3007 461 3056; x_wconf 87' lang='lat' dir='ltr'>macheu</span> <span class='ocrx_word' id='word_1_298' title='bbox 479 3005 584 3055; x_wconf 75' lang='lat' dir='ltr'>ludunen.</span> <span class='ocrx_word' id='word_1_299' title='bbox 609 3003 668 3055; x_wconf 84' lang='lat' dir='ltr'>Ilie-</span> <span class='ocrx_word' id='word_1_300' title='bbox 711 3003 765 3054; x_wconf 88' lang='lat' dir='ltr'>dem</span> <span class='ocrx_word' id='word_1_301' title='bbox 775 3005 876 3055; x_wconf 85' lang='lat' dir='ltr'>Redner</span> <span class='ocrx_word' id='word_1_302' title='bbox 889 3004 1027 3056; x_wconf 87' lang='lat' dir='ltr'>hcsoudcrs</span> <span class='ocrx_word' id='word_1_303' title='bbox 1045 3005 1155 3057; x_wconf 86' lang='lat' dir='ltr'>dadurclr</span> <span class='ocrx_word' id='word_1_304' title='bbox 1174 3006 1223 3065; x_wconf 84' lang='lat' dir='ltr'>soi,</span> 
     </span>
    </p>

    <p class='ocr_par' dir='ltr' id='par_1_9' title="bbox 157 3071 1290 3409">
     <span class='ocr_line' id='line_1_34' title="bbox 158 3071 1229 3141; baseline 0.002 -19"><span class='ocrx_word' id='word_1_305' title='bbox 158 3088 202 3123; x_wconf 89' lang='lat' dir='ltr'>seu</span> <span class='ocrx_word' id='word_1_306' title='bbox 216 3074 302 3124; x_wconf 87' lang='lat' dir='ltr'>Grund</span> <span class='ocrx_word' id='word_1_307' title='bbox 320 3075 405 3124; x_wconf 89' lang='lat' dir='ltr'>deutet</span> <span class='ocrx_word' id='word_1_308' title='bbox 422 3074 468 3123; x_wconf 91' lang='lat' dir='ltr'>der</span> <span class='ocrx_word' id='word_1_309' title='bbox 481 3073 595 3136; x_wconf 78' lang='lat' dir='ltr'>lolgeude</span> <span class='ocrx_word' id='word_1_310' title='bbox 610 3072 669 3123; x_wconf 83' lang='lat' dir='ltr'>Satn</span> <span class='ocrx_word' id='word_1_311' title='bbox 712 3071 770 3122; x_wconf 81' lang='lat' dir='ltr'>dass</span> <span class='ocrx_word' id='word_1_312' title='bbox 788 3073 825 3123; x_wconf 87' lang='lat' dir='ltr'>sie</span> <span class='ocrx_word' id='word_1_313' title='bbox 841 3072 882 3122; x_wconf 84' lang='lat' dir='ltr'>iun</span> <span class='ocrx_word' id='word_1_314' title='bbox 895 3072 987 3124; x_wconf 85' lang='lat' dir='ltr'>anleite</span> <span class='ocrx_word' id='word_1_315' title='bbox 999 3073 1040 3123; x_wconf 88' lang='lat' dir='ltr'>bei</span> <span class='ocrx_word' id='word_1_316' title='bbox 1054 3072 1229 3141; x_wconf 76' lang='lat' dir='ltr'>jedersaclre</span> 
     </span>
     <span class='ocr_line' id='line_1_35' title="bbox 159 3140 1290 3209; baseline -0.002 -16"><span class='ocrx_word' id='word_1_317' title='bbox 159 3154 204 3190; x_wconf 83' lang='lat' dir='ltr'>au:</span> <span class='ocrx_word' id='word_1_318' title='bbox 231 3147 344 3209; x_wconf 80' lang='lat' dir='ltr'>siquidem</span> <span class='ocrx_word' id='word_1_319' title='bbox 366 3147 423 3195; x_wconf 82' lang='lat' dir='ltr'>sotis</span> <span class='ocrx_word' id='word_1_320' title='bbox 452 3146 536 3193; x_wconf 84' lang='lat' dir='ltr'>dictum</span> <span class='ocrx_word' id='word_1_321' title='bbox 560 3151 593 3193; x_wconf 82' lang='lat' dir='ltr'>est</span> <span class='ocrx_word' id='word_1_322' title='bbox 617 3151 667 3205; x_wconf 70' lang='lat' dir='ltr'>etc„</span> <span class='ocrx_word' id='word_1_323' title='bbox 711 3140 870 3191; x_wconf 83' lang='lat' dir='ltr'>sowohlwas</span> <span class='ocrx_word' id='word_1_324' title='bbox 888 3140 941 3191; x_wconf 84' lang='lat' dir='ltr'>sich</span> <span class='ocrx_word' id='word_1_325' title='bbox 959 3140 1033 3192; x_wconf 78' lang='lat' dir='ltr'>doliu·</span> <span class='ocrx_word' id='word_1_326' title='bbox 1051 3140 1153 3200; x_wconf 84' lang='lat' dir='ltr'>alswas</span> <span class='ocrx_word' id='word_1_327' title='bbox 1168 3140 1236 3194; x_wconf 84' lang='lat' dir='ltr'>sich.</span> <span class='ocrx_word' id='word_1_328' title='bbox 1286 3150 1290 3157; x_wconf 72' lang='grc'><em>’</em></span> 
     </span>
     <span class='ocr_line' id='line_1_36' title="bbox 157 3206 1281 3277; baseline 0.003 -20"><span class='ocrx_word' id='word_1_329' title='bbox 157 3223 211 3272; x_wconf 87' lang='lat' dir='ltr'>von</span> <span class='ocrx_word' id='word_1_330' title='bbox 225 3210 318 3258; x_wconf 89' lang='lat' dir='ltr'>demes</span> <span class='ocrx_word' id='word_1_331' title='bbox 333 3209 407 3258; x_wconf 89' lang='lat' dir='ltr'>kaum</span> <span class='ocrx_word' id='word_1_332' title='bbox 420 3208 668 3272; x_wconf 81' lang='lat' dir='ltr'>udtlrigseinw&#39;drde</span> <span class='ocrx_word' id='word_1_333' title='bbox 711 3207 826 3259; x_wconf 86' lang='lat' dir='ltr'>dawider</span> <span class='ocrx_word' id='word_1_334' title='bbox 848 3223 926 3271; x_wconf 78' lang='lat' dir='ltr'>sager</span> <span class='ocrx_word' id='word_1_335' title='bbox 948 3207 1016 3259; x_wconf 85' lang='lat' dir='ltr'>lasse</span> <span class='ocrx_word' id='word_1_336' title='bbox 1040 3209 1079 3260; x_wconf 80' lang='lat' dir='ltr'>ins</span> <span class='ocrx_word' id='word_1_337' title='bbox 1093 3206 1167 3273; x_wconf 48' lang='lat' dir='ltr'>Auge</span> <span class='ocrx_word' id='word_1_338' title='bbox 1191 3226 1228 3261; x_wconf 85' lang='lat' dir='ltr'>zu</span> <span class='ocrx_word' id='word_1_339' title='bbox 1275 3262 1281 3277; x_wconf 23' lang='lat' dir='ltr'>N</span> 
     </span>
     <span class='ocr_line' id='line_1_37' title="bbox 157 3275 1227 3343; baseline 0.003 -18"><span class='ocrx_word' id='word_1_340' title='bbox 157 3291 190 3325; x_wconf 85' lang='lat' dir='ltr'>zu</span> <span class='ocrx_word' id='word_1_341' title='bbox 203 3275 344 3343; x_wconf 75' lang='lat' dir='ltr'>homerico,</span> <span class='ocrx_word' id='word_1_342' title='bbox 362 3276 419 3326; x_wconf 86' lang='lat' dir='ltr'>dass</span> <span class='ocrx_word' id='word_1_343' title='bbox 432 3292 461 3326; x_wconf 90' lang='lat' dir='ltr'>er</span> <span class='ocrx_word' id='word_1_344' title='bbox 472 3275 550 3326; x_wconf 79' lang='lat' dir='ltr'>suriel</span> <span class='ocrx_word' id='word_1_345' title='bbox 562 3277 668 3326; x_wconf 83' lang='lat' dir='ltr'>bedente</span> <span class='ocrx_word' id='word_1_346' title='bbox 711 3275 803 3334; x_wconf 76' lang='lat' dir='ltr'>sussen,</span> <span class='ocrx_word' id='word_1_347' title='bbox 826 3275 920 3343; x_wconf 86' lang='lat' dir='ltr'>spricht</span> <span class='ocrx_word' id='word_1_348' title='bbox 935 3276 1022 3328; x_wconf 87' lang='lat' dir='ltr'>Cicero</span> <span class='ocrx_word' id='word_1_349' title='bbox 1042 3291 1073 3328; x_wconf 87' lang='lat' dir='ltr'>an</span> <span class='ocrx_word' id='word_1_350' title='bbox 1089 3276 1227 3329; x_wconf 84' lang='lat' dir='ltr'>meluereu</span> 
     </span>
     <span class='ocr_line' id='line_1_38' title="bbox 158 3342 1231 3409; baseline 0 -14"><span class='ocrx_word' id='word_1_351' title='bbox 158 3343 210 3395; x_wconf 86' lang='lat' dir='ltr'>als:</span> <span class='ocrx_word' id='word_1_352' title='bbox 232 3349 262 3397; x_wconf 86' lang='lat' dir='ltr'>cd</span> <span class='ocrx_word' id='word_1_353' title='bbox 280 3350 338 3397; x_wconf 78' lang='lat' dir='ltr'>hooc</span> <span class='ocrx_word' id='word_1_354' title='bbox 355 3363 402 3396; x_wconf 86' lang='lat' dir='ltr'>rem</span> <span class='ocrx_word' id='word_1_355' title='bbox 420 3344 669 3409; x_wconf 72' lang='lat' dir='ltr'>demonstrandompo-</span> <span class='ocrx_word' id='word_1_356' title='bbox 711 3342 805 3399; x_wconf 76' lang='lat' dir='ltr'>suellen</span> <span class='ocrx_word' id='word_1_357' title='bbox 823 3359 877 3395; x_wconf 86' lang='lat' dir='ltr'>aus.</span> <span class='ocrx_word' id='word_1_358' title='bbox 898 3343 955 3408; x_wconf 80' lang='lat' dir='ltr'>Vgl.</span> <span class='ocrx_word' id='word_1_359' title='bbox 970 3344 1041 3396; x_wconf 84' lang='lat' dir='ltr'>Orat.</span> <span class='ocrx_word' id='word_1_360' title='bbox 1055 3346 1078 3404; x_wconf 84' lang='lat'>3,</span> <span class='ocrx_word' id='word_1_361' title='bbox 1101 3347 1132 3398; x_wconf 85' lang='lat'>12</span> <span class='ocrx_word' id='word_1_362' title='bbox 1151 3361 1176 3396; x_wconf 92' lang='lat' dir='ltr'>u.</span> <span class='ocrx_word' id='word_1_363' title='bbox 1192 3345 1231 3407; x_wconf 66' lang='lat' dir='ltr'>dc,</span> 
     </span>
    </p>

    <p class='ocr_par' dir='ltr' id='par_1_10' title="bbox 60 3411 1149 3479">
     <span class='ocr_line' id='line_1_39' title="bbox 60 3411 1149 3479; baseline -0.011 -14"><span class='ocrx_word' id='word_1_364' title='bbox 60 3412 63 3416; x_wconf 82' lang='grc'>’</span> <span class='ocrx_word' id='word_1_365' title='bbox 154 3417 187 3479; x_wconf 77' lang='lat' dir='ltr'>tis</span> <span class='ocrx_word' id='word_1_366' title='bbox 206 3418 356 3466; x_wconf 81' lang='lat' dir='ltr'>dictumest:</span> <span class='ocrx_word' id='word_1_367' title='bbox 375 3412 423 3462; x_wconf 92' lang='lat' dir='ltr'>und</span> <span class='ocrx_word' id='word_1_368' title='bbox 442 3411 669 3462; x_wconf 85' lang='lat' dir='ltr'>dassdamituicht</span> <span class='ocrx_word' id='word_1_369' title='bbox 711 3411 773 3463; x_wconf 82' lang='lat' dir='ltr'>Fato</span> <span class='ocrx_word' id='word_1_370' title='bbox 793 3414 816 3474; x_wconf 82' lang='lat'>2,</span> <span class='ocrx_word' id='word_1_371' title='bbox 833 3415 857 3466; x_wconf 88' lang='grc'>3.</span> <span class='ocrx_word' id='word_1_372' title='bbox 1145 3433 1149 3453; x_wconf 83' lang='lat' dir='ltr'>t</span> 
     </span>
    </p>
   </div>
   <div class='ocr_carea' id='block_1_4' title="bbox 429 3664 861 3697">
    <p class='ocr_par' dir='ltr' id='par_1_11' title="bbox 429 3664 861 3697">
     <span class='ocr_line' id='line_1_40' title="bbox 429 3664 861 3697; baseline 0.002 -14"><span class='ocrx_word' id='word_1_373' title='bbox 429 3664 861 3697; x_wconf 41' lang='grc' dir='ltr'>..κ-η-*ιι--κὰ-ι-</span> 
     </span>
    </p>
   </div>
   <div class='ocr_carea' id='block_1_5' title="bbox 0 0 1324 4418">
    <p class='ocr_par' dir='ltr' id='par_1_12' title="bbox 0 0 1324 4418">
     <span class='ocr_line' id='line_1_41' title="bbox 0 0 1324 4418; baseline 0 0"><span class='ocrx_word' id='word_1_374' title='bbox 0 0 1324 4418; x_wconf 95' lang='lat' dir='ltr'> </span> 
     </span>
    </p>
   </div>
  </div>
 </body>
</html>
