2640 4418
483 345 544 396 um
566 345 584 395 r.
606 346 678 396 cur.
699 347 740 398 oo.
762 348 802 398 ar.
937 394 940 400 .
1141 335 1179 394 75

114 502 178 562 cius
200 500 399 580 breuibusque
437 470 610 571 sententiis,
649 518 721 578 quas
745 500 901 578 appellatis
936 492 1051 582 κυρίας
1072 491 1180 575 δόξας,

113 588 197 659 haec,
232 594 264 646 ut
286 584 407 664 opinor,
436 584 532 664 prima
562 585 706 644 sententia
730 592 789 644 est:
938 587 1053 647 deatum
1075 595 1103 646 et
1124 591 1181 646 irn-

113 670 242 732 mortale
276 680 334 740 est,
369 669 594 732 iuuentute
632 688 685 730 neo
718 585 1181 814 calibem-temdum.

113 757 145 816 ln
170 756 226 815 hac
247 755 286 815 ita
311 754 443 833 exposita
467 754 614 813 sententia
644 762 714 813 sunt
736 753 785 832 qui
809 774 875 826 eus,
929 765 992 827 ent,
1027 755 1106 833 quod
1129 755 1179 816 ille
1194 751 1236 820 31

114 839 233 899 inscitia
254 839 505 918 planeloquendi
529 839 654 902 lecerat.
684 839 793 898 fecisse
815 839 969 899 consulto:
1003 839 1040 900 de
1063 840 1181 901 homine

80 958 82 963 ·
114 925 237 985 minime
259 924 441 984 vafromale
465 922 641 1002 existimant.
685 922 880 983 Dubiumest
903 923 991 994 enim,
1015 933 1111 983 ulrum
1135 924 1179 984 di·
1194 935 1225 984 86

117 1018 163 1069 cat
185 1009 297 1087 aliquid
320 1008 527 1092 essebeatum
551 1019 580 1067 et
601 1006 776 1078 immortale,
801 1026 847 1081 an,
871 1008 897 1067 si
921 1009 999 1088 quod
1024 1008 1075 1078 sit,
1115 1009 1180 1068 Non

115 1093 361 1165 animadvertunt,
399 1092 448 1152 hic
481 1097 547 1153 eum
571 1091 709 1168 ambigue
731 1092 862 1152 locutum
886 1108 967 1164 esso,
1006 1093 1180 1161 sed,multis

114 1178 181 1237 aliis
204 1177 279 1238 locis
303 1185 332 1236 et
354 1176 437 1237 illum
460 1186 489 1236 et
510 1176 710 1236 Metrodorum
736 1185 793 1236 tam
816 1183 934 1254 aperte,
972 1195 1058 1255 quam
1082 1178 1181 1254 paullo

114 1270 183 1324 ante
207 1270 244 1322 te.
299 1260 352 1321 llle
373 1280 443 1321 vero
467 1261 540 1320 deos
563 1270 630 1320 ess‘e
653 1269 745 1339 putat,
769 1279 824 1320 neo
847 1279 1023 1339 quemquam
1047 1261 1106 1320 vidi
1130 1262 1181 1340 qui

115 1346 208 1424 magis
232 1365 274 1416 ea,
299 1364 373 1424 quac
397 1345 526 1405 timenda
542 1364 608 1406 esse
622 1353 752 1423 negaret,
774 1346 901 1415 timeret,
925 1353 1048 1404 mortem
1072 1345 1138 1405 dico
1153 1354 1183 1407 et

115 1431 198 1490 deos.
228 1430 343 1503 Quibus
366 1429 532 1489 mediocres
545 1430 683 1490 homines
706 1430 826 1498 nonita
842 1431 927 1490 valde
949 1437 1111 1501 moventur,
1134 1431 1181 1490 lris

116 1517 166 1574 ille
189 1515 296 1574 clamat
328 1515 458 1574 omnium
482 1514 650 1574 mortalium
672 1523 787 1575 mentes
811 1533 878 1575 esse
901 1514 1085 1593 perterritas
1125 1515 1183 1575 'lot

118 1597 211 1658 millia
223 1598 438 1682 latrocinantur
452 1609 545 1659 morte
559 1600 724 1677 proposita.
753 1599 810 1660 Alii
824 1600 932 1670 omnia,
956 1602 1031 1677 qua'e
1045 1607 1179 1678 possunt,
1204 1624 1220 1679 <

116 1684 183 1743 lana
208 1681 379 1760 compilant.
423 1684 528 1754 Credo,
551 1692 601 1743 aut
621 1683 691 1744 illos
713 1684 817 1744 mortis
839 1685 930 1744 timor
950 1692 1042 1744 terret
1064 1685 1180 1744 authos

116 1767 282 1844 religionis.
313 1768 370 1827 Sed
395 1769 534 1846 quoniam
553 1787 611 1828 non
635 1769 727 1828 audes
744 1769 917 1839 liam‘enim
941 1786 1006 1828 oum
1030 1770 1096 1846 ipso
1110 1769 1180 1848 Epi·
1195 1780 1224 1830 87

117 1870 188 1912 ouro
201 1851 318 1930 loquar)
333 1870 441 1928 negare
464 1872 531 1913 esse
545 1853 634 1912 deos:
659 1852 728 1930 quid
754 1860 808 1926 est,
825 1854 910 1930 ¹qnod
926 1863 954 1912 te
969 1853 1112 1930 impediat
1133 1862 1181 1913 aut

116 1937 209 1996 solem
234 1945 284 1996 aut
306 1938 447 1996 muudum
462 1945 513 1996 aut
537 1945 664 1995 mentem
679 1936 807 2014 aliquam
823 1937 1033 2014 sempiternam
1058 1937 1087 1996 in
1112 1938 1182 1997 deo-

117 2040 182 2081 rum
204 2029 308 2081 natura
331 2018 467 2099 ponere?
489 2021 655 2100 Numquam
678 2021 747 2094 vidi,
772 2021 881 2098 inquis,
906 2021 1033 2081 animam
1056 2020 1181 2082 rationis

115 2105 293 2184 consiliique
308 2106 483 2184 participem
507 2107 535 2165 in
551 2106 609 2166 ulla
625 2105 681 2166 alia
704 2105 761 2166 uisi
787 2106 914 2166 humana
938 2106 1041 2182 ligura.
1087 2103 1182 2177 Quid?
1240 2107 1248 2112 “

114 2190 189 2250 solis
212 2188 426 2269 numquidnam
450 2200 500 2250 aut
521 2190 608 2249 lunae
632 2200 682 2250 aut
714 2189 843 2270 quinque
867 2191 1026 2251 errantium
1051 2190 1181 2251 siderum
1225 2192 1234 2212 ⁰

117 2275 213 2335 simile
235 2271 359 2334 vidistit
394 2275 443 2335 Sol
469 2274 583 2335 duabus
613 2274 700 2334 unius
729 2274 811 2334 orbis
840 2275 953 2338 ultimis
972 2275 1109 2353 partibus
1131 2276 1181 2335 de-

116 2359 225 2419 finiens
248 2369 360 2420 motum
383 2377 487 2419 cursus
511 2378 626 2418 annuos
651 2358 780 2418 conficit.
816 2359 909 2418 Huius
932 2360 1008 2419 liano
1031 2359 1186 2419 lustratio--

117 2462 184 2503 nem
208 2442 341 2503 eiusdem
363 2442 487 2504 incensa
515 2443 608 2510 radiis
638 2451 791 2502 menstruo
822 2444 924 2521 spatio
952 2443 1020 2504 luna
1044 2445 1182 2523 complet.
1230 2456 1237 2466 *

116 2631 163 2679 den
177 2628 530 2694 erwdlmteodnsiolrtdieneo
542 2628 635 2686 sollte,
668 2625 826 2683 Verhiiltniss
850 2627 896 2676 der
914 2627 1016 2677 Glieder
1038 2627 1063 2676 iu
1087 2628 1181 2677 diesem

116 2698 224 2748 sondern
242 2698 301 2746 dass
319 2697 365 2745 der
376 2696 453 2759 Beleg
468 2705 521 2747 erst
538 2697 562 2746 in
581 2699 627 2747 der
670 2693 745 2744 Satze
764 2711 784 2744 s.
805 2694 868 2744 oben
886 2711 917 2744 zu
935 2711 957 2744 e.
978 2698 1001 2752 9,
1024 2697 1064 2745 23.

92 2765 286 2821 ,vermeintliolr
321 2765 517 2827 beabsichtigtcu
544 2765 627 2816 chi-
705 2773 848 2828 qaam-le.
885 2763 910 2812 S.
931 2779 962 2812 zu
981 2779 1001 2812 e.
1023 2764 1062 2819 29,
1085 2765 1125 2814 82.

117 2833 255 2894 deutigkeit
271 2822 379 2895 dpikurs
397 2832 470 2894 licgt,
500 2849 548 2882 von
565 2833 627 2882 wel·
703 2835 863 2882 Metrodorum.
892 2830 982 2879 Dieser
999 2844 1054 2879 war
1072 2831 1179 2895 Epikurs

116 2902 175 2949 cher
199 2900 308 2948 nachlrer
331 2898 370 2947 dic
394 2899 463 2948 Rede
490 2901 530 2949 ist.
567 2901 628 2950 Dies
671 2899 787 2946 nlichster
804 2898 902 2946 Freuud
921 2898 969 2951 und
989 2897 1105 2954 Schdler‚
1125 2916 1180 2963 poe-

117 2965 499 3017 Gedankenverhr'iltnisswdrdc
517 2976 627 3033 entsprc-
670 2983 698 3015 ne
716 2968 774 3015 aller
791 2969 911 3029 Epicurus,
942 2965 972 3013 de
991 2964 1060 3012 Fiun.
1082 2964 1110 3020 ll,
1136 2966 1175 3024 28,

116 3034 403 3096 chauderausgedrdckt
413 3034 474 3091 sein,
487 3050 560 3083 wenn
573 3034 624 3084 Cic.
670 3034 717 3086 92,
748 3032 796 3080 und
815 3031 951 3081 Verfasser
968 3031 1039 3081 einer
1055 3031 1180 3082 betrdcht-

117 3103 278 3165 gesolrrieben
297 3104 378 3152 harto:
411 3106 488 3168 ltaque
512 3096 580 3168 quom
603 3109 628 3154 ln
668 3098 751 3148 lichen
768 3098 831 3148 Zuhl
846 3115 894 3147 von
914 3099 1047 3149 Schrillcn.

116 3175 149 3221 ill.
169 3176 209 3225 orl.
229 3176 257 3222 el.
276 3176 309 3222 lrr.
329 3179 385 3222 sent.
405 3197 435 3204 -
456 3198 485 3206 —
509 3197 533 3205 —
552 3175 628 3237 primo
704 3169 743 3218 87.
766 3171 855 3219 duodus
873 3172 941 3219 unius
954 3173 1015 3220 ordis
1026 3172 1111 3220 ultimis
1123 3188 1179 3235 por-

117 3247 173 3289 soal.
185 3244 222 3299 olt,
234 3267 265 3274 —
275 3268 306 3275 —
319 3244 344 3289 in
353 3243 395 3290 lac
409 3243 441 3298 ilc
457 3255 507 3304 rap.
519 3247 575 3289 sant.
585 3248 626 3290 ete.
669 3240 738 3286 lidus.
755 3233 815 3284 -Dcr
831 3253 891 3286 onus
910 3240 972 3287 ordio
990 3235 1024 3295 ist
1034 3235 1082 3286 xdie
1094 3236 1179 3302 Eklip-

151 3300 197 3360 31.
218 3306 258 3355 86.
285 3325 327 3369 aa,
359 3311 379 3357 sl
411 3310 473 3372 quod
495 3310 533 3356 sil.
579 3305 626 3356 Dic
669 3303 719 3360 tik,
746 3304 805 3353 und]
820 3303 861 3351 die
885 3303 975 3352 beiden
992 3309 1086 3356 ultimae
1102 3315 1179 3370 portes

103 3373 239 3438 ,Apodosis
262 3372 353 3422 konnte
373 3373 424 3423 Cio.
445 3372 625 3423 unbcdenlrlieh
670 3371 799 3421 derselbcn
819 3369 874 3420 sind
893 3371 937 3428 da,
964 3387 1004 3421 wo
1022 3371 1059 3420 sie
1077 3371 1128 3428 sich
1147 3372 1180 3419 im

116 3439 259 3498 auslassen,
286 3440 346 3490 weil
366 3442 441 3506 jeder
465 3441 625 3505 verstaudiga
668 3437 770 3489 Norden
795 3438 840 3488 mit
864 3439 919 3487 dem
937 3438 1107 3490 Wendekreis
1135 3438 1179 3487 des

116 3508 197 3558 Lesor
214 3508 250 3558 sie
268 3522 313 3556 aus
332 3508 386 3557 dom
398 3507 625 3572 Vorhcrgelrenden
667 3505 791 3562 Krcbses,
824 3507 857 3555 im
875 3506 959 3556 deen
986 3507 1030 3556 mit
1055 3507 1109 3554 dem
1135 3506 1179 3556 des

116 3593 147 3626 zu
170 3578 295 3638 ergdnaen
318 3575 351 3624 im
369 3575 462 3625 Stande
480 3577 527 3634 ist,
544 3580 625 3626 -ndm-
669 3573 816 3635 Steinboclrs
834 3573 945 3624 berdhrt.

115 3644 164 3694 lioh
182 3649 207 3696 ld
224 3663 264 3697 uec
278 3647 366 3694 'dolere
384 3662 423 3695 nec
442 3650 548 3697 collidere
575 3651 624 3696 cul·
701 3647 859 3694 lustrationem
888 3642 928 3690 fiir
952 3645 1082 3709 circuitum,
1119 3641 1179 3691 weil

117 3718 183 3781 quarn
207 3715 327 3776 neqotlom.
362 3709 558 3775 Unvcrstdndige
576 3712 625 3762 Le·
661 3710 707 3784 ‚bei
725 3710 860 3773 religidscu
878 3709 1061 3769 ueinigungur,
1082 3708 1178 3766 welohc

112 3772 159 3829 “sor
176 3778 255 3828 haben
274 3780 377 3839 ergdnzt
390 3782 414 3828 ld
427 3797 475 3831 osse
487 3785 621 3844 immortale,
667 3779 712 3827 das
729 3777 809 3828 Wort
826 3775 958 3838 eigentliolr
976 3774 1105 3834 bedenter,
1137 3777 1178 3826 die

115 3863 170 3897 was
187 3844 438 3910 sielljctzrlastin
458 3845 523 3897 allen
541 3847 624 3898 lland-
666 3845 893 3909 Reiuigungsopler
919 3843 989 3905 rings
1022 3843 1108 3893 urulrer
1135 3860 1178 3907 go-

116 3915 236 3967 schrifte'u
255 3913 339 3963 findet.
667 3921 754 3975 tragon
782 3912 895 3960 wurdeu.
930 3911 964 3961 So
989 3912 1057 3961 steht
1080 3917 1178 3964 lustrare

149 3979 396 4036 Nooranlmorloertant
414 3991 456 4034 etc.
479 3980 562 4032 Uclrer
579 3983 624 4032 das
667 3988 743 4030 uuteu
761 3979 790 4038 ll,
813 3981 853 4037 20,
875 3980 907 4032 53
925 3978 949 4029 1'1'.
961 3982 1011 4039 .4Ῑ,
1035 3982 1090 4030 106.
