2640 4418
151 304 260 377 126,
359 360 362 363 ,
507 311 551 363 oa
569 295 705 373 nurum
722 310 869 362 osorton.
932 327 934 334 v

143 475 253 548 quarta
266 466 329 527 lere
342 464 402 525 diei
424 472 509 543 parte
522 464 632 538 addita,
651 464 884 526 conversionem
898 464 1060 524 conficiunt
1074 481 1219 525 annuam:

86 570 88 575 ⁴
131 551 306 613 inflectens
328 557 427 633 autem
451 549 496 609 sol
525 565 645 608 cursum
668 556 728 608 turn
751 549 790 609 ad
812 555 927 627 septem
949 548 1074 619 triones,
1097 559 1159 608 turn
1182 549 1220 608 ad

73 659 81 672 ·
149 634 306 696 meridiem
328 640 458 694 aestates
481 640 510 693 et
531 632 646 693 hiemes
669 633 770 704 efficit,
793 641 821 693 et
845 651 879 693 ea
902 633 962 692 duo
986 640 1120 714 tempora
1145 650 1219 710 quc·

147 738 213 781 rum
236 715 361 778 alterurn
384 716 476 779 hiemi
498 716 669 777 senescenti
692 716 864 777 adiunctum
882 724 936 786 est,
962 715 1088 778 alterurn
1102 715 1220 777 aestati.

147 803 190 876 lta
214 821 250 862 ex
272 811 412 881 quattuor
434 810 600 880 temporum
629 800 846 862 mutationibus
875 800 1018 871 omnium,
1042 818 1117 878 quae
1140 808 1220 860 terra

105 886 285 965 tomarique
317 885 500 963 gignuntur,
528 884 614 946 initia
646 898 830 964 caussaeque
852 884 1010 945 ducuntur.
1053 885 1116 944 lam
1144 883 1219 943 solis

147 988 263 1032 annuos
278 988 383 1030 cursus
407 969 510 1048 spatiis
525 968 686 1029 menstruis
700 969 771 1029 luna
794 969 1003 1047 consequitur:
1028 968 1113 1028 cuius
1130 975 1222 1028 tenu--

148 1054 287 1119 issimum
308 1054 408 1114 lumen
431 1053 504 1114 laoit
530 1049 683 1132 proximus
711 1071 853 1114 accessus
876 1054 912 1114 ad
936 1053 1041 1126 solem,
1064 1051 1219 1129 digressus

147 1146 245 1200 autern
267 1137 462 1215 longissimus
496 1137 623 1216 quisque
647 1137 864 1216 plenissimum.
908 1137 1011 1215 Neque
1034 1136 1132 1196 solum
1154 1135 1219 1210 eius

147 1222 265 1302 species
289 1222 440 1292 acilorma
462 1230 594 1282 mutatur
616 1230 678 1285 turn
700 1222 880 1294 crescendo,
910 1229 974 1281 tum
996 1218 1163 1281 defectibus
1186 1219 1218 1279 in

33 1366 40 1373 q
110 1338 114 1344 ·
146 1306 232 1367 initia
254 1306 447 1378 recurrendo,
470 1305 524 1366 sed
547 1305 637 1366 etiam
659 1305 752 1382 regio,
776 1312 933 1384 quactum
956 1312 1003 1366 est
1024 1303 1218 1383 aquilonaris,

146 1383 209 1452 t'utn
231 1389 379 1450 australis.
424 1389 458 1449 ln
479 1390 568 1450 lunae
590 1407 709 1467 quoque
737 1407 827 1450 cursu
855 1397 901 1450 est
932 1396 961 1449 et
982 1388 1106 1453 brumae
1125 1394 1219 1466 ‘quae-

147 1475 215 1536 dam
237 1481 268 1534 et
289 1473 411 1534 solstitii
435 1472 608 1544 similitudo,
632 1472 784 1552 multaque
807 1473 843 1534 ab
868 1492 902 1535 ea
917 1482 1040 1534 manant
1062 1480 1092 1532 et
1113 1473 1219 1544 fluunt,

147 1558 257 1638 quibus
280 1565 310 1618 et
332 1557 499 1618 animantes
522 1557 639 1617 alantur
660 1565 892 1637 augescantque,
915 1564 947 1618 et
967 1557 1134 1636 pubescant
1155 1573 1218 1615 ma·

89 1637 135 1709 211
150 1643 359 1720 toritatemque
376 1653 606 1719 assequantur,
644 1660 720 1720 quae
756 1642 893 1702 oriuntur
924 1650 1051 1702 eterra.
1094 1639 1219 1700 Maxime
1286 1710 1292 1721 ¹

103 1736 132 1785 tt
147 1744 218 1797 vero
243 1732 312 1785 sunt
334 1724 524 1786 admirabiles
547 1732 647 1787 motus
670 1729 771 1786 earirm
794 1726 927 1804 quinque
949 1724 1117 1796 stellarum,
1142 1741 1218 1801 quae

146 1810 222 1871 salso
245 1818 390 1890 vocantur
411 1818 555 1870 errantes.
600 1808 679 1869 Nihil
703 1809 783 1870 enim
800 1817 888 1883 errat,
912 1809 992 1887 quod
1010 1809 1041 1869 in
1064 1808 1144 1867 omni
1167 1825 1218 1866 ao·
1272 1874 1277 1883 ⁸

146 1892 292 1956 ternitate‘
307 1906 463 1954 conservat
485 1911 664 1972 progressus
684 1902 714 1954 et
736 1911 892 1972 regressus
912 1892 1106 1972 reliquosque
1119 1899 1218 1950 motus

147 1985 319 2039 constantes
341 1989 370 2038 et
392 1986 494 2065 ratos.¹
528 1978 614 2050 Quod
638 1996 673 2038 eo
696 1986 741 2038 est
763 1977 970 2039 admirabilius
998 1977 1030 2037 in
1051 1975 1100 2036 his
1122 1973 1219 2035 stellis
1262 2020 1265 2032 .

147 2081 221 2142 quas
244 2062 387 2133 dicimus,
418 2061 486 2140 quia
511 2069 571 2121 tum
594 2061 782 2121 occultantur
810 2069 873 2121 turn
906 2079 1010 2122 rursus
1033 2059 1216 2139 aperiuntur,

146 2157 209 2208 turn
228 2146 338 2207 adeunt
360 2154 421 2205 tum
431 2146 598 2215 recedunt,
622 2152 683 2204 tum
703 2145 883 2206 antecedunt
904 2154 966 2206 tum
985 2145 1218 2223 subsequuntur,

146 2239 209 2291 tum
232 2228 357 2289 celerius
380 2237 537 2289 moventur
564 2235 626 2288 turn
650 2228 772 2301 tardius,
807 2238 868 2290 tum
892 2229 1014 2290 omnino
1037 2246 1074 2287 ne
1097 2245 1218 2287 moven-

145 2323 195 2375 tur
216 2313 351 2391 quidem,
383 2312 436 2372 sed
460 2314 495 2373 ad
520 2312 668 2392 quoddam
691 2324 809 2393 tempus
832 2312 983 2375 insistunt.
1028 2311 1219 2385 Quarumex

146 2397 318 2476 disparibus
346 2397 530 2458 motionibus
559 2415 697 2474 magnum
721 2416 831 2458 annum
851 2396 1053 2458 mathematici
1082 2395 1218 2455 nomina·
1261 2458 1268 2473 ,

144 2488 274 2554 verunt,
298 2480 348 2558 qui
380 2491 442 2563 turn
476 2480 613 2551 efficitur,
651 2500 743 2559 quum
775 2481 849 2542 solis
872 2489 902 2542 et
918 2480 1012 2551 'lunae
1034 2487 1065 2541 et
1086 2479 1218 2558 quinque

146 2564 309 2626 errantium
337 2564 374 2624 ad
398 2565 521 2625 eandem
551 2565 628 2655 inter
650 2584 684 2626 se
701 2567 960 2645 ,comparationem
984 2564 1130 2626 conlectis
1153 2581 1217 2623 om·

149 2713 234 2771 Oeten,
254 2711 338 2762 wobei
356 2713 393 2763 sie
411 2713 463 2762 sich
475 2712 534 2763 bald
545 2710 660 2764 unserem
703 2729 758 2765 was
782 2714 823 2764 die
843 2712 944 2775 boutigo
961 2711 1119 2762 Astronomie
1138 2711 1216 2760 durch

148 2785 211 2850 orbis
229 2790 341 2832 terrorum
358 2782 453 2839 aribert,
475 2781 604 2832 indemsie
621 2783 661 2832 bis
703 2780 915 2843 rechtldulig
940 2779 990 2830 und
1012 2779 1218 2841 rdokgdngig

148 2864 203 2898 zum
211 2845 320 2898 Zeicben
339 2847 502 2898 desKrehses
521 2850 582 2898 nach
596 2848 661 2901 Nor·
702 2848 857 2900 bezcicbnct.

147 2916 195 2965 den
213 2915 379 2974 hinaufrdoht,
399 2916 458 2965 bald
473 2904 525 2966 sio'b
538 2917 657 2975 entlernt,
737 2926 784 2969 tom
813 2921 899 2969 adeunt
930 2924 978 2967 tom
1005 2919 1121 2968 recedunt.
1139 2912 1217 2962 »ntes

147 2983 275 3033 indemsie
288 2983 327 3033 bis
338 2979 394 3033 zuin
403 2981 511 3033 Zeicben
524 2984 660 3034 desStein-
702 2984 750 3043 ist,
770 2984 821 3033 wic
839 2983 949 3034 nachber
966 2981 991 3048 ᾖ.
1013 2983 1045 3034 52
1063 2985 1217 3034 antecedendo

145 3049 224 3100 books
242 3051 303 3100 nach
322 3050 406 3100 deen
424 3052 498 3101 hinab
522 3052 606 3115 stoigt.
627 3081 660 3090 —
703 3061 725 3104 et
741 3056 889 3113 retardando,
910 3050 935 3099 in
952 3050 1096 3110 beziebung
1115 3048 1162 3096 aul
1176 3047 1218 3096 die

146 3116 194 3167 nte
210 3117 427 3180 Berecbnun'gdes
445 3119 586 3184 tropisoben
599 3119 661 3169 Son·
704 3118 786 3170 Sonne
803 3135 835 3168 zu
852 3118 995 3178 verstchen.
1022 3115 1078 3167 Allo
1096 3114 1217 3165 Planeten
1298 3129 1304 3135 ·

147 3184 281 3250 nonjabres
299 3201 331 3234 zu
344 3183 434 3242 'soph
446 3185 533 3249 Tagen
545 3187 579 3238 ist
592 3186 660 3236 tibri-
703 3185 881 3244 durchlaulen,
910 3184 960 3235 wie
985 3182 1140 3240 dissonae,
1168 3182 1217 3231 den

147 3266 208 3314 gens
225 3251 287 3301 weit
305 3251 377 3309 dlter,
399 3251 435 3303 als
454 3253 495 3303 die
509 3254 604 3304 darauf
617 3254 660 3314 be·
703 3252 863 3311 Thiorkreis,
890 3267 931 3302 wo
950 3251 987 3302 sio
1006 3251 1070 3300 donn
1088 3249 1140 3299 sich
1159 3249 1217 3298 der-

145 3318 661 3382 rubendeEinldhrungdesJulianischen
703 3321 788 3371 selben
811 3319 870 3370 bald
887 3319 988 3368 hibern
1018 3318 1077 3368 bald
1099 3333 1148 3368 von
1178 3317 1218 3366 ihr

145 3385 295 3438 tetresse
314 3387 495 3439 denlldmern.
702 3389 847 3445 ontlernon,
887 3386 947 3436 bald
975 3386 1016 3436 ihr
1041 3385 1137 3435 voraul'
1161 3383 1218 3433 siud

106 3454 110 3469 “
181 3457 221 3506 50.
243 3458 300 3506 solis
318 3474 406 3508 annuos
418 3474 508 3518 corsus,
528 3457 552 3505 d.
568 3456 592 3505 h.
612 3456 660 3506 den
684 3452 762 3506 ‘halt
778 3455 861 3505 binter
878 3453 918 3504 ihr
935 3453 1123 3504 zurdkbleiben.
1144 3450 1222 3502 ,Dass

146 3520 216 3571 Laut*
230 3521 308 3571 durob
332 3523 373 3571 dio
391 3523 471 3573 zwdll
484 3521 594 3573 Zeichcn
615 3523 660 3573 des
702 3523 821 3587 dbrigens
843 3521 906 3573 alles
933 3521 987 3572 dics
1012 3536 1060 3570 nur
1081 3535 1130 3571 von
1148 3518 1218 3569 ihrer

145 3587 330 3648 Tbierlrreiscs,
356 3591 463 3640 dendie
481 3590 564 3641 Sorae
581 3591 607 3641 in
625 3591 661 3641 ei·
703 3590 881 3649 sebeinbaren,
903 3588 971 3639 nicht
987 3605 1036 3639 von
1053 3588 1123 3638 ihrer
1139 3586 1218 3636 wirh-

146 3671 202 3706 nem
223 3657 306 3707 labro
334 3657 475 3713 vollendet.
504 3659 588 3710 macbt
614 3659 676 3709 der·⁴
702 3658 945 3721 licheubowogung
958 3656 1012 3720 t'flh
1032 3653 1217 3708 vorstebtsiob

146 3721 221 3775 blond
239 3725 263 3773 in
281 3725 362 3775 einem
379 3725 489 3777 Monate.
621 3778 626 3789 ,
702 3742 751 3777 von
768 3725 854 3775 selbst.
875 3732 881 3749 ⁸

180 3787 229 3845 20.
257 3794 298 3842 51.
322 3811 459 3859 propressos
483 3802 504 3846 et
532 3810 659 3858 repressos.
737 3797 768 3845 cd
786 3797 880 3845 eandem
897 3797 957 3843 inter
974 3809 999 3843 se
1012 3793 1216 3856 comparationem.

146 3855 193 3906 llic
220 3854 342 3909 Planoten
370 3861 487 3911 sohcinen
512 3859 572 3909 bold
603 3874 660 3910 vor·
704 3858 762 3918 „Zu
780 3854 1038 3919 dorselbenStelludg'
1050 3855 1218 3918 gogoneiaan·

145 3927 225 3975 wirts
258 3925 318 3976 bald
341 3928 484 3978 rdckwdrts
512 3943 545 3977 zu
570 3926 657 3988 gehen,
703 3926 782 3976 der.“
806 3926 878 3977 Denn
891 3931 1030 3992 comparatio
1045 3924 1219 3974 becconem-
