2640 4418
1191 123 1198 159 1

523 328 852 402 mmmmm
1154 337 1213 399 m

153 505 350 583 longinquum
378 512 409 563 et
429 503 607 564 immensum
627 521 723 582 paene
743 510 871 581 tempus,
917 503 1050 576 Quomm
1071 502 1215 564 utrumvis

154 597 188 651 ut
214 589 268 661 sit,
301 589 437 667 sequitur
468 597 571 649 natura
599 588 742 649 mundum
770 588 980 649 administrari.
1025 589 1107 662 Quae
1136 589 1214 649 enim

154 674 295 736 classium
318 672 466 750 navigatio
488 685 538 734 ant
562 692 637 752 quae
660 671 818 733 instructio
846 673 992 735 exercitus
1020 681 1071 734 aut
1098 673 1214 746 (rursus
1314 671 1319 683 ’

153 768 186 821 ut
209 778 257 829 ea,
282 776 357 836 quae
378 764 482 819 natura
505 758 612 827 elficit,
636 758 835 833 conteramus)
858 777 933 836 qnae
955 757 1123 836 procreatio
1146 757 1214 818 vitis

155 851 206 904 aut
237 843 371 914 arboris,
408 861 484 921 quae
516 861 607 920 porro
641 841 799 903 animantis
830 841 924 919 ligura
958 842 1214 921 conformatioque

153 928 354 989 membrorum
387 936 497 987 tantam
530 935 653 987 naturae
685 925 847 986 sollertiam
880 926 1040 1004 significat,
1076 936 1214 1005 quantam

91 1057 101 1081 ,
154 1013 219 1091 ipse
241 1007 391 1073 mundus?
424 1012 481 1071 Ant
509 1011 584 1071 nihil
611 1011 702 1089 igitur
731 1018 792 1083 est,
825 1011 904 1088 quod
934 1011 1082 1073 sentiente
1110 1020 1213 1072 natura

149 1104 280 1174 regatur,
303 1102 354 1158 aut
374 1096 516 1155 mundum
538 1096 600 1173 regi
623 1095 824 1173 confitendum
846 1105 901 1155 est.
931 1121 934 1125 ’
954 1094 1070 1155 Etenim
1093 1096 1143 1174 qui
1166 1115 1213 1156 re·
1228 1106 1258 1156 86

151 1181 392 1261 liques-naturas
415 1198 519 1240 omnes
541 1198 702 1259 earumque
723 1179 838 1240 semina
861 1177 1020 1250 contineat,
1043 1184 1095 1259 qut
1116 1188 1216 1258 potest

152 1265 218 1345 ipse
241 1284 301 1326 non
324 1273 427 1325 natura
450 1261 675 1325 administrari?
702 1272 757 1343 ut,¹
773 1263 800 1325 si
823 1264 873 1342 qui
896 1264 1000 1347 dentes
1023 1274 1054 1324 et
1074 1264 1214 1347 puberta-

151 1361 211 1411 tem
233 1358 337 1411 natura
359 1349 438 1409 dicat
460 1349 618 1421 exsistere,
648 1350 747 1428 ipsum
776 1356 878 1411 autem
903 1347 1071 1420 hominem,
1103 1348 1150 1408 cni
1180 1367 1214 1409 ea

152 1435 312 1506 exsistant
335 1451 395 1494 non
415 1442 552 1496 constare
574 1443 694 1505 natura,
718 1452 779 1495 non
800 1429 947 1510 intelligat
969 1451 1019 1506 ea,
1043 1451 1118 1511 quae
1142 1434 1214 1493 ette-

152 1526 220 1579 rant
242 1517 353 1614 aliquid
383 1537 418 1578 ex
448 1536 532 1591 sese,
560 1519 755 1598 perfectiores
776 1518 888 1580 habere
910 1530 1031 1579 naturas
1060 1535 1147 1597 quam
1171 1535 1214 1590 ea,

152 1621 228 1682 quae
251 1601 345 1662 exiis
368 1595 538 1663 efferantur.
582 1602 720 1671 Omnium
744 1611 841 1664 autem
863 1621 980 1675 rerum,
1009 1621 1085 1681 quae
1107 1610 1212 1663 natura
1227 1597 1270 1670 34

152 1686 413 1758 administrantur,
443 1687 606 1749 seminator
628 1695 658 1748 et
679 1695 762 1747 sator
784 1695 813 1747 et
833 1706 959 1766 parens,
990 1696 1024 1749 ut
1044 1687 1085 1748 ita
1108 1687 1214 1760 dicam,

152 1780 239 1851 atque
261 1771 402 1833 educator
423 1779 453 1848 et
474 1772 551 1832 altor
572 1781 618 1832 est
635 1773 773 1844 mundus,
797 1772 965 1851 omniaque,
989 1771 1067 1832 sicut
1075 1773 1215 1833 membra
1300 1774 1304 1789 ‘

152 1865 181 1917 et
202 1864 303 1934 partes
327 1875 412 1928 suas,
440 1857 606 1916 nutricatur
628 1865 658 1916 et
679 1856 821 1916 continet.
851 1855 966 1928 Quodsi
989 1857 1091 1916 mundi
1113 1867 1214 1935 partes

150 1948 255 2000 natura
283 1940 542 2014 administrantur,
575 1959 701 2001 necesse
732 1948 778 2000 est
808 1941 986 2000 mundum
978 1957 1076 2018 rpsum
1103 1950 1214 2036 natura

151 2024 368 2086 administrari:
401 2025 485 2086 cuius
513 2025 634 2104 quidem
662 2024 880 2085 administratio
908 2024 984 2085 nihil
1006 2003 1125 2086 habet
1117 2043 1148 2085 ιιι
1171 2043 1213 2097 se,

151 2109 230 2188 quod
258 2109 438 2206 reprehendi
470 2111 580 2188 possit:
613 2129 648 2171 ex
676 2110 714 2170 iis
742 2109 822 2171 enim
850 2108 980 2181 naturis,
1015 2127 1090 2188 quae
1120 2117 1213 2182 erant,

151 2194 229 2290 quod
253 2193 332 2256 effici
355 2194 499 2274 optimum
521 2195 635 2275 potuit,
658 2196 796 2256 ellectum
827 2203 907 2254 est.
924 2194 1058 2255 Doceat
1052 2207 1135 2272 ergo
1159 2193 1213 2255 ali·
1227 2204 1257 2254 87

151 2280 220 2356 quis
247 2279 382 2373 potuisse
410 2280 528 2340 melius.
573 2279 632 2340 Sed
661 2297 749 2339 nomo
778 2296 918 2357 umquam
948 2279 1083 2351 docebit,
1112 2287 1157 2351 et,
1188 2279 1214 2339 si

151 2362 218 2442 quis
242 2363 392 2439 corrigere
415 2362 525 2458 aliquid
543 2364 636 2434 volet,
661 2371 711 2423 aut
726 2362 858 2422 deterius
882 2362 972 2423 saciet
994 2371 1044 2423 aut
1065 2354 1110 2437 id,
1135 2364 1213 2441 quod

149 2446 215 2507 fieri
238 2464 297 2506 ιιοιι
319 2447 466 2524 potuerit,
491 2447 682 2508 desiderabit
724 2446 839 2519 Quodsi
862 2465 966 2507 omnes
988 2448 1090 2508 mundi
1111 2458 1214 2527 partes
1264 2517 1274 2537 l

150 2531 190 2592 ita
215 2530 393 2592 constitutae
416 2540 500 2603 sunt,
534 2541 567 2593 ut
594 2550 692 2610 neque
720 2533 756 2592 ad
785 2550 871 2593 usum
899 2532 1039 2593 meliores
1062 2532 1215 2612 potuerint

150 2634 218 2677 esse
240 2622 337 2695 neque
359 2616 396 2677 ad
419 2618 551 2696 speciem
574 2617 771 2696 pulchriores,
793 2617 957 2690 rideamus,
980 2626 1077 2679 utrum
1101 2638 1136 2679 ea
1153 2618 1213 2679 for-

148 2703 262 2763 tuitane
285 2702 346 2762 sint
368 2720 406 2762 an
428 2721 464 2763 eo
488 2709 582 2774 statu,
614 2721 672 2781 quo
696 2702 857 2763 cohaerere
879 2701 960 2762 nullo
991 2703 1080 2763 modo
1109 2712 1213 2781 potue-

149 2787 209 2847 rint
236 2785 295 2846 nisi
325 2804 425 2860 sensu
444 2777 617 2848 moderante
646 2787 803 2866 divinaque
832 2787 1035 2864 providentia
1080 2787 1111 2847 Si
1140 2804 1210 2864 ergo

148 2869 273 2930 meliora
297 2878 366 2929 sunt
388 2888 422 2929 ea
452 2888 526 2947 quae
555 2879 675 2941 natura,
707 2889 794 2948 quam
817 2870 867 2930 illa
898 2889 973 2948 quae
995 2878 1058 2930 arte
1080 2872 1213 2948 perlecta
1264 2942 1268 2953 x

149 2963 233 3024 sunt,
262 2970 318 3011 nec
341 2971 396 3011 ars·
412 2953 504 3011 elficit
526 2954 686 3032 quidquam
710 2955 775 3019 sine
797 2953 928 3014 ratione:
958 2971 996 3013 ne
1019 2962 1121 3014 natura
1146 2953 1212 3033 qui-

148 3038 215 3097 dem
238 3035 363 3097 rationis
386 3054 491 3115 expers
515 3044 560 3096 est
587 3036 734 3117 habendq.
780 3036 838 3109 Qut
866 3037 957 3114 igitur
985 3038 1211 3110 convenit,'si-

149 3139 237 3199 gnum
261 3128 310 3182 aut
331 3120 461 3182 tabulam
483 3120 594 3200 pictam
616 3139 705 3199 quum
728 3121 918 3201 adspexeris,
949 3123 1025 3183 scire
1047 3123 1212 3184 adhibitam

149 3225 216 3266 esse
238 3216 340 3278 artem,
364 3224 513 3285 quumque
531 3205 635 3285 procul
658 3224 775 3266 cursum
795 3207 907 3285 navigii
928 3207 1049 3280 videris,
1072 3227 1133 3268 non
1157 3208 1211 3269 du-

148 3289 258 3361 bitare·,
288 3290 358 3367 quin
381 3291 410 3350 id
432 3291 548 3351 ratione
571 3298 659 3369 atque
682 3299 743 3351 arte
766 3300 933 3364 moveatur,
967 3300 997 3353 et
1018 3312 1107 3373 quum
1132 3294 1211 3353 sola·

148 3375 222 3479 rium
247 3384 297 3433 aut
312 3373 492 3454 descriptum
516 3379 622 3436 aut'ex
644 3393 719 3452 aqua
742 3377 954 3457 contemplere,
976 3377 1142 3453 intelligere
1159 3377 1210 3437 de-

181 3509 222 3558 85.
242 3513 351 3558 utrumvis
368 3518 394 3558 ot
407 3513 444 3559 sit.
463 3509 489 3558 S
503 3510 580 3566 oth
596 3509 652 3559 118.
699 3506 742 3556 So
757 3507 833 3558 scheir
850 3510 901 3559 wir
923 3511 1017 3560 euch
1010 3527 1043 3560 nn
1066 3508 1208 3571 bergomen

180 3584 264 3625 coloro
280 3580 357 3626 mund.
377 3580 540 3628 edotioistrori
575 3575 656 3624 Einen
698 3575 743 3624 das
754 3575 856 3642 Epithot
871 3578 930 3627 bald
944 3586 1073 3640 zugesetzt
1090 3576 1147 3626 bald
1166 3592 1208 3638 ge·

147 3639 239 3690 Zusatz
263 3642 313 3690 wie
337 3648 445 3694 sentiente
466 3644 549 3694 durlte
568 3643 655 3693 Cicero
697 3652 774 3708 spart.
1085 3664 1088 3677 ·

147 3709 202 3759 hier
218 3709 352 3759 mitRecht
368 3725 464 3775 sparen,
486 3712 545 3761 weil
562 3728 591 3762 cr
608 3712 655 3761 den
731 3714 771 3764 86
791 3715 936 3765 11111111-
961 3686 1208 3775 Auchhiergiltdic

57 3782 61 3793 ⁵
148 3777 277 3828 Stoischen
300 3777 396 3840 Begriff
415 3778 461 3827 der
477 3776 563 3829 Natur
580 3781 655 3829 sehon
698 3793 768 3829 auc.
791 3780 847 3831 16
840 3796 873 3828 ιιι.
895 3783 1021 3842 gemachte
1040 3781 1206 3843 Bemerlmng.

146 3847 399 3908 vorherangegehen
420 3846 480 3895 auch
492 3847 536 3899 das
545 3846 655 3897 Verbum
732 3842 782 3903 34
795 3850 836 3900 87.
857 3852 967 3900 solatiam
980 3854 1132 3915 descriptam:
1151 3848 1227 3898 eine«

147 3915 481 3965 administrarischoaaul'
460 3914 656 3980 emplaorndssi-
698 3914 903 3978 cigentliche
931 3916 1091 3975 Suanorum,
1118 3931 1207 3995 wegan

147 3995 204 4041 ges,
233 3982 403 4045 verodulliges
429 3982 534 4050 Walter
558 3983 652 4035 deutet
699 3983 744 4033 der
761 3984 855 4034 daraul
868 3985 1046 4047 gezeichneteu
1059 3984 1183 4043 birico,
1175 3999 1211 4047 ιιιι
