2640 4418
8 286 11 291 ’
106 294 145 363 72
458 304 502 355 nu
519 302 654 357 uerunt
671 302 818 355 unorum.

13 460 17 467 '
102 459 225 536 iungere
253 460 363 521 lormas
385 459 525 521 velimus:
556 457 651 538 qualis
669 449 728 518 illc
751 455 917 519 maritimus
941 458 1047 519 Triton
1069 458 1199 538 pingi?

103 551 164 618 tur,
196 545 366 607 natantibus
395 544 538 605 invehens
566 543 675 605 belluis
705 541 852 603 adiunctis
876 543 1007 604 humano
1036 544 1172 623 corpori,

101 628 181 689 nolis
203 648 281 691 esse.
325 628 444 693 Dillloili
468 629 499 690 in
521 630 588 688 loco
609 645 724 688 versor.
767 627 820 687 Est
842 628 919 688 enim
943 628 987 688 vis
1010 636 1090 689 tauta
1113 646 1171 690 na-

59 722 88 772 79
104 722 203 788 turae,
232 722 264 774 ut
291 714 381 774 homo
412 732 498 774 nemo
527 713 597 774 velit
625 712 684 773 nisi
711 711 842 772 bominis
871 712 979 773 similis
1008 731 1085 774 csse.
1131 714 1175 775 Et

102 796 221 875 quidem
245 799 369 860 lormica
393 799 544 859 formicae.
588 798 648 859 Sed
673 804 769 857 tamen
794 795 877 857 cuius
901 794 1054 858 bominis?
1075 797 1172 879 Quo·

29 878 33 901 ²
103 890 149 943 tus
178 883 258 943 enim
287 884 413 962 utrisque
443 884 592 944 lormosus
625 878 694 943 esti
738 881 861 943 Athenis
892 900 981 961 quum
1006 900 1119 955 essem,
1153 902 1173 945 c

101 967 239 1045 gregibus
263 969 445 1047 epheborum
469 969 514 1028 vix
542 967 651 1044 singuli
675 966 911 1044 reperiebantur.
955 966 1064 1039 Video,
1095 967 1172 1046 quid

101 1052 254 1125 arriseris3
283 1053 337 1112 sed
365 1053 405 1113 ita
432 1060 531 1113 tamen
561 1070 594 1112 so
622 1069 671 1112 res
694 1050 792 1110 hahet.
835 1051 947 1112 Deinde
970 1051 1073 1125 nobis,
1104 1051 1172 1130 qui,

101 1137 333 1198 concedentibus
364 1137 554 1216 philosophis
588 1135 733 1214 antiquio,
764 1135 1002 1216 ,adolescentulis
1036 1136 1172 1197 delecta-

5 1220 79 1291 ¹·.·...,
99 1239 181 1295 mur,
212 1222 300 1283 etiam
329 1222 400 1282 vitia
429 1241 520 1301 saepe
548 1221 675 1280 iucunda
707 1227 786 1279 sunt.
830 1220 947 1299 Npevus
979 1220 1010 1279 iu
1038 1220 1173 1283 articulo

1 1360 2 1368 ,
98 1306 184 1384 puori
207 1306 336 1368 delectat
357 1307 507 1368 Alcaeum.
544 1308 581 1365 nt
603 1311 650 1366 est
670 1304 807 1382 corporis
830 1296 943 1365 mco—ula
965 1323 1086 1367 naevus.
1119 1304 1171 1367 llli

99 1397 197 1452 tamen
225 1392 284 1451 hoc
306 1392 405 1451 lumen
429 1391 592 1467 videbatur.
637 1389 673 1461 Q.
697 1388 834 1461 Catulus,
864 1390 952 1450 huius
976 1390 1110 1467 collegae
1138 1400 1199 1453 ct·

100 1475 254 1536 lumiliaris
278 1475 371 1535 nostri
395 1483 494 1554 pater,
518 1474 622 1534 dilexit
642 1473 824 1552 municipem
849 1482 931 1534 tuum
952 1474 1111 1537 Roscium:
1135 1474 1171 1536 in

100 1578 187 1639 quem
210 1559 393 1647 etiarn1illud
417 1568 463 1619 est
485 1559 566 1621 eius:

209 1677 424 1751 Constiterum,
448 1681 632 1738 exorientem
654 1677 806 1737 latrorum
827 1677 911 1755 sorte
933 1676 1081 1748 solutores,

145 1788 160 1803 ··
250 1781 340 1842 quum
361 1764 459 1824 subito
482 1781 500 1822 o
523 1761 607 1821 lueou
625 1760 750 1821 Roscius
774 1764 927 1822 emoritur.

155 1872 159 1884 =
206 1844 283 1907 Pace
304 1847 377 1907 mibi
398 1846 493 1917 liceat,
518 1847 667 1917 coelestes,
692 1846 788 1906 dicere
811 1855 923 1917 oestro,

247 1933 386 1996 mortalis
409 1937 493 1993 visus
510 1931 673 2012 pulchrior
696 1948 758 1992 esse
781 1931 843 1991 deo.

96 2064 171 2125 lluic
193 2066 347 2143 pulchrior
369 2067 442 2126 deo:
472 2074 500 2127 at
522 2074 598 2137 erat,
629 2066 707 2125 sicut
729 2064 820 2125 hodie
842 2048 1173 2145 estjperrersissiruis

3 2186 31 2211 ..-
98 2149 204 2209 oculis.
250 2151 327 2220 Quid
357 2153 463 2221 relect,
494 2150 519 2209 si
548 2150 605 2209 hoc
633 2150 731 2227 ipsum
755 2148 865 2225 salsum
893 2147 935 2208 illi
958 2157 988 2209 et
1009 2157 1173 2213 venustum

40 2228 84 2296 29
99 2230 276 2292 videbatur?
319 2234 419 2312 Redeo
443 2235 479 2294 ad
503 2235 586 2294 daos‘.
631 2234 760 2312 Ecquos,
783 2232 809 2293 si
832 2241 975 2293 nontam
998 2222 1299 2341 strabopes,ip,b„,

53 2325 83 2387 80
98 2324 128 2376 at
148 2317 284 2399 paetulos
307 2337 374 2380 esse
397 2315 596 2380 arbitramur?
620 2337 732 2398 coquos
752 2336 875 2378 naevum
899 2314 1031 2378 hahere?
1053 2337 1174 2397 ecquos
1216 2320 1221 2339 '

11 2408 34 2419 ”
97 2401 179 2472 sitos,
203 2404 323 2473 flaccos,
349 2405 520 2474 frontones,
544 2403 714 2481 capitones,
739 2421 814 2481 quac
838 2404 958 2463 suntin
981 2399 1094 2463 nobis'?
1120 2406 1172 2467 An

32 2526 36 2535 ·
98 2486 196 2545 omnia
241 2488 394 2547 euterrdata
438 2488 468 2547 in
509 2486 594 2548 illis?
637 2488 729 2548 Detur
760 2487 790 2546 id
831 2487 927 2548 vobis
970 2487 1047 2547 Num
1076 2488 1172 2551 etiam

97 2576 144 2629 est
174 2589 232 2630 una
266 2572 397 2631 omniurn
431 2572 546 2632 lacios?
578 2573 652 2632 Nam
686 2571 711 2631 si
744 2571 862 2649 plures:
895 2571 982 2632 aliam
1012 2588 1080 2631 esse
1108 2572 1171 2635 alia

95 2654 297 2731 pulchriorem
332 2674 455 2717 necesso
489 2667 544 2717 est.
588 2656 681 2733 lgitur
713 2655 820 2734 aliquis
852 2674 912 2715 non
947 2655 1173 2734 pulcherrimus
1217 2720 1221 2729 ,

100 2738 185 2799 deus.
231 2741 263 2800 Si
294 2760 350 2801 una
380 2742 511 2802 omnium
539 2740 632 2801 laoies
655 2749 714 2813 est,
748 2741 856 2800 llorere
884 2740 915 2799 in
948 2741 1171 2803 caelohcadc·

130 2918 182 2979 28.
194 2927 234 2976 ts.
249 2929 333 2989 Triton,
346 2925 387 2975 ein
396 2925 527 2987 Mecrgott
540 2926 605 2976 Sohn
645 2926 712 2989 jetzt
728 2923 849 2973 lebeoden
865 2926 913 2973 und
928 2940 973 2974 uns
984 2923 1171 2976 wohlbckeun-

97 2992 140 3041 des
157 2992 280 3041 Poseidon
305 2994 354 3043 und
379 2996 424 3044 der
446 2995 601 3060 Arrrpbitrito,
649 3002 698 3043 ten.
719 2991 776 3055 Vgl.
794 2991 824 3045 ll.
846 2994 868 3050 2,
892 2995 915 3043 6.
937 2993 967 3041 dc
987 2991 1033 3041 off.
1054 2991 1094 3050 tlt,
1120 2995 1162 3051 16,

95 3061 167 3109 ward
196 3061 241 3109 ruit
269 3062 334 3109 zwoi
359 3062 526 3112 Fisohlcihurn
545 3070 606 3113 stult
648 3064 689 3113 lib.
720 3064 782 3123 Coto,
803 3065 871 3112 huius
888 3066 962 3112 nostri
981 3064 1071 3112 Catonia
1087 3068 1165 3124 poter.

96 3126 231 3176 dchiissc
244 3128 405 3188 dargestcllt;
427 3130 543 3179 doshulb:
563 3150 606 3182 rte·
649 3128 763 3178 Genreint
786 3128 820 3176 ist
841 3126 872 3192 Q.
893 3128 1009 3178 Lutatius
1026 3124 1057 3192 Q.
1077 3126 1105 3176 F.
1128 3126 1164 3193 Q.

95 3198 196 3246 luctibus
214 3199 320 3263 irruebam
340 3200 429 3247 belluis.
648 3194 679 3245 N.
706 3194 816 3252 Catulus,
839 3196 930 3246 Consul
948 3196 992 3245 des
1009 3195 1033 3245 J.
1044 3196 1094 3247 (tto
1112 3196 1167 3247 und

130 3264 170 3313 79.
191 3280 203 3312 c
220 3266 326 3326 propibus
340 3268 482 3326 epheborum.
507 3264 605 3313 Darun-
649 3262 750 3324 Collcgc
761 3263 804 3311 dos
815 3263 889 3312 Cotta
900 3263 1080 3314 irnl’ontilioat.
1102 3263 1167 3314 Scin

58 3342 61 3353 ·
94 3338 135 3380 ter
153 3328 208 3379 sind
226 3328 266 3377 die
290 3329 314 3376 iu
339 3329 385 3378 dan
405 3327 556 3395 Gpnrnusion
574 3347 604 3380 zu
649 3330 934 3393 gleichnamigerVater
950 3347 1007 3381 war
1025 3329 1118 3382 Consul
1135 3333 1162 3382 d.

95 3396 355 3461 gemeinschallliohcn
367 3397 500 3460 Uebungen
519 3400 544 3447 in
557 3398 605 3448 Go-
647 3399 670 3447 l.
685 3400 741 3456 652.
759 3399 808 3447 und
818 3392 1167 3464 einEpigranrnrdessolbcu.'

94 3465 300 3517 nossenschallcn
307 3465 461 3527 vereinigten
472 3466 604 3529 liinglingo
648 3466 770 3516 cheulalls
783 3466 830 3515 aul
837 3466 908 3516 einen
920 3466 1162 3531 schhncnlimgliug,

94 3551 125 3585 zu
143 3534 286 3585 verstchen.
647 3534 716 3584 lesen
729 3534 780 3583 wir
787 3533 832 3583 hei
846 3534 941 3584 Golhus
958 3534 989 3585 N.
1001 3536 1031 3584 Α.
1046 3533 1118 3591 xlx,
1134 3538 1162 3588 9.

128 3606 240 3666 Alcaeum,
262 3601 309 3650 dou
321 3599 601 3666 LcsbischenLyriker,
680 3607 765 3653 munio.
779 3611 841 3653 tuum
851 3606 971 3657 dorcium:
990 3603 1166 3655 danherhhm·

95 3664 144 3718 vou'
178 3671 267 3719 dcssen
295 3668 436 3719 orotischen
470 3668 606 3718 Gedichtcn
650 3677 690 3719 ton
708 3669 827 3718 Komiker
851 3669 881 3735 Q.
902 3671 1020 3728 Roscius,
1050 3671 1091 3720 hir
1114 3671 1166 3721 don

97 3735 170 3786 theils
187 3736 324 3799 Zeugnisse
342 3737 432 3796 reden,
459 3753 481 3786 z.
502 3736 530 3784 B.
553 3737 605 3785 (lic.
650 3739 711 3786 noch
730 3737 1071 3801 cinchrthcidigungsrodc
1091 3738 1166 3791 ciae-
1268 3750 1275 3761 ¹

97 3803 279 3861 Tusc.lV,33.
297 3803 606 3868 ll‚theilseinigeb¹rag·
648 3806 697 3854 ro’s
714 3806 859 3856 vorhandcn
878 3807 923 3865 ist,
952 3808 1000 3857 und
1024 3806 1084 3865 dor,
1111 3807 1165 3858 wie

96 3880 178 3922 mente
196 3870 307 3921 erhalten
326 3874 388 3924 sind.
647 3872 772 3931 Velleius,
794 3888 839 3924 aus
858 3875 913 3943 dent
933 3873 1094 3939 Municipium
1111 3873 1164 3925 La·

131 3945 199 3992 huius
217 3943 269 3992 coll.
280 3948 361 4006 elsam.
375 3949 462 3997 nostri:
480 3944 524 3993 dos
543 3943 603 3991 noch
647 3941 747 3991 nuvium
765 3943 880 4006 gcbtirtig
898 3958 961 4005 war,
