2640 4418
482 336 544 388 nm.
563 336 605 388 ru.
627 338 698 390 cae.
719 341 744 391 ε.
766 340 806 390 10.
829 342 868 390 ιι.
1147 329 1207 391 199

395 454 400 477 l

78 516 81 525 s
136 493 237 555 dicere
272 492 443 567 videbatur,
477 490 568 552 homo
600 491 666 551 sine
700 491 791 551 dubio
827 499 964 553 versutus
999 500 1028 553 et
1063 493 1205 556 callidus:

136 566 285 654 (versutos
308 596 361 639 eos
383 575 512 656 appello,
535 595 662 655 quorum
685 575 824 637 celeriter
845 595 929 637 mens
951 585 1099 653 versatur3
1124 580 1206 640 calli-

137 664 192 724 dos
220 673 333 736 autem,
356 678 481 741 quorum
504 668 654 739 tamquam
677 679 782 722 manus
806 679 913 739 opere,
943 661 988 722 sic
1010 662 1127 726 animus
1149 684 1206 726 usu

88 752 96 763 ‘
136 738 323 822 concalluitzl
345 745 372 806 is
393 746 499 824 igitur,
522 749 551 805 ει·
570 745 684 826 olo'poid
706 756 766 817 εει,
791 745 901 824 inquit,
926 747 1005 827 qood
1027 747 1112 810 domo
1136 749 1207 830 offi-

101 823 107 841 ⁸
137 851 205 894 cero
230 849 293 893 aon
315 835 431 910 possit,
465 833 518 911 qui
543 830 576 890 id
601 830 712 910 efficit,
741 830 850 890 melior
872 843 917 893 εει
939 831 1065 893 dornone.
1109 832 1206 896 Homo

137 927 236 980 notem
258 916 342 988 daeo,
372 934 446 996 poce
474 917 506 975 in
533 917 645 976 mondo
669 927 755 986 sunt,
786 914 907 994 efficere
929 934 990 977 non
1008 927 1128 996 potest:
1158 921 1211 998 poi

91 1005 236 1082 Apotoit
256 1004 366 1079 ipitor,
400 1004 427 1059 ιε
453 1008 595 1079 praestat
617 999 738 1060 domini.
782 999 909 1060 Homini
928 1010 1027 1080 notem
1045 1013 1209 1082 proestare

137 1088 217 1167 pois*
232 1089 346 1165 possit,
381 1081 565 1145 costocus?
610 1083 666 1144 Est
693 1088 787 1164 ipitor
817 1085 900 1145 dous.
944 1084 1025 1146 llaec
1054 1087 1153 1147 omnia
1176 1087 1209 1149 in

137 1171 261 1244 eodem,
291 1188 349 1248 quo
372 1168 422 1228 illa
444 1168 589 1239 Zenonis,
623 1187 724 1230 errore
751 1177 916 1229 versantur.
962 1169 1041 1243 Quid
1065 1171 1146 1231 enim
1168 1171 1252 1234 sitm

114 1255 260 1331 melius,
292 1253 364 1332 quid
386 1252 614 1330 praestabilius,
648 1253 720 1332 quid
744 1253 822 1314 inter
850 1262 985 1314 astruam
1008 1263 1038 1315 et
1060 1256 1208 1317 rationem

137 1340 275 1410 intersit,
304 1356 366 1398 non
389 1337 590 1415 distinguitur.
634 1339 793 1417 Idemque,
816 1336 842 1399 si
866 1337 914 1398 dei
936 1357 997 1398 uon
1020 1339 1097 1411 siut,
1121 1349 1209 1418 negat

138 1442 206 1485 csse
229 1422 260 1482 in
284 1420 364 1495 omui
387 1431 491 1482 natura
514 1422 676 1502 quidquam
698 1423 822 1483 homine
836 1422 969 1497 melius3
991 1423 1022 1483 id
1039 1433 1137 1485 autem
1152 1445 1208 1504 pu-

136 1516 201 1566 tare
224 1523 402 1585 quemquam
424 1505 586 1578 homiuem,
609 1507 683 1567 nihil
705 1507 828 1568 homine
850 1500 1050 1580 eise'meliuS,
1075 1528 1208 1572 summae

137 1590 326 1668 arrogantiae
349 1602 453 1650 censet
475 1609 553 1650 esse.
597 1591 643 1652 Sit
664 1610 736 1652 sane
759 1592 942 1670 arrogantis,
974 1593 1069 1673 pluris
1097 1613 1130 1654 se
1153 1613 1208 1673 pu-

99 1723 103 1735 ,
136 1684 201 1736 tare
234 1692 321 1753 quam
354 1675 506 1735 mundum.
551 1677 597 1735 Αι·
620 1674 692 1735 illud
725 1695 785 1736 nou
819 1678 908 1737 modo
939 1696 1000 1739 non
1029 1679 1208 1757 arrogantis,

138 1759 191 1822 sed
214 1757 315 1838 potius
337 1759 502 1837 prudentis,
526 1758 707 1836 intelligere,
731 1780 763 1820 se
786 1760 896 1821 habere
919 1781 1041 1822 sensum
1065 1771 1094 1823 et
1115 1764 1208 1825 ratio·
1305 1785 1308 1790 ’

137 1864 224 1917 nem,
262 1844 336 1904 haec
366 1843 470 1904 eadem
494 1843 635 1903 Orionem
666 1852 694 1903 et
717 1843 888 1904 Caniculam
912 1864 972 1905 uon
994 1847 1116 1907 habere.
1160 1849 1207 1921 Et,

137 1934 168 1990 si
187 1931 291 1990 domos
309 1928 442 2008 pulchra
464 1932 512 2000 sit,
535 1927 736 2007 intellipamos
759 1947 822 1988 cnm
838 1930 972 1999 domania,
996 1930 1102 2009 inquit,
1125 1934 1210 1994 aedi-

75 2092 79 2098 ,
138 2016 260 2095 ficetum
275 2032 348 2084 εεεε,
370 2032 434 2075 non
448 2013 601 2075 matribus:
624 2016 667 2074 sic
681 2016 776 2090 ipitor
790 2014 933 2073 mondum
950 2014 1075 2075 deornm
1092 2017 1210 2078 domoon

117 2103 312 2161 continere
335 2098 482 2160 dolemus.
522 2099 569 2166 lta
583 2115 717 2176 ¹prorsus
741 2096 952 2171 existimarem,
976 2098 1003 2157 si
1025 2098 1108 2159 illurn
1127 2101 1208 2162 aedi-

137 2184 257 2244 ficatum
280 2200 364 2255 esse,
393 2201 469 2255 non,
499 2182 748 2262 quemadmodum
769 2182 899 2255 docebo,
922 2200 937 2243 a
961 2191 1065 2244 natura
1088 2186 1207 2246 consor-

138 2275 249 2329 m'atum
281 2276 429 2347 putarem.
472 2270 510 2328 nt
538 2267 616 2328 enim
648 2267 764 2344 quaerit
793 2267 878 2346 apud
899 2267 1129 2347 Xenophontem
1151 2271 1205 2331 So·
1224 2267 1262 2338 11
1300 2304 1307 2329 o

139 2360 246 2424 crates,
268 2352 348 2412 rrnde
371 2351 501 2411 animum
524 2351 749 2430 arripuerimus,
772 2352 797 2410 si
817 2351 916 2411 nullus
932 2351 1068 2412 fueritin
1083 2355 1204 2416 mundo.
1221 2365 1250 2415 ιι

137 2436 176 2497 Εῑ
198 2454 252 2514 ego
276 2454 397 2514 quaero,
420 2435 500 2496 uude
523 2436 697 2506 orationem,
720 2436 799 2496 uude
822 2454 973 2509 numeros,
995 2437 1075 2497 unde
1091 2447 1206 2500 cantus.

138 2521 201 2582 Nisi
224 2539 294 2581 vero
316 2519 399 2598 loqui
422 2520 515 2580 solem
538 2539 604 2581 cum
628 2519 697 2580 luua
718 2529 881 2598 putamus,
897 2539 987 2600 quum
1009 2521 1136 2602 propius
1158 2543 1206 2585 ac-

139 2604 279 2678 cesserit,
313 2613 364 2666 aut
385 2605 424 2665 ad
444 2605 631 2665 harmoniam
655 2621 761 2666 canere
783 2605 942 2679 mundum,
970 2613 1003 2667 ut
1024 2607 1207 2686 Pythagoras
1230 2665 1232 2667 ,

139 2690 298 2752 existimat.
340 2689 470 2750 Naturae
492 2689 549 2751 ista
571 2698 654 2762 sunt,
684 2690 790 2766 Balbe,
820 2700 941 2752 naturae
963 2709 1025 2752 non
1046 2691 1208 2754 artificiose

139 2774 333 2848 ambulantis,
361 2782 394 2835 ut
416 2774 458 2834 ait
479 2775 575 2845 Zeno,
604 2775 684 2854 quod
707 2775 828 2855 quidem
851 2776 938 2854 quale
960 2777 1014 2849 sit,
1044 2776 1104 2837 iam
1126 2777 1206 2838 vide-

140 2890 204 2940 deuu
228 2897 296 2939 etwa
320 2892 394 2952 jeues
417 2889 506 2940 besser
522 2890 650 2940 heweiseu
693 2890 768 2941 Cotta
802 2889 928 2956 spasslralt
960 2891 1100 2941 travestirt.
1137 2891 1205 2943 Was

140 2957 177 3007 als
192 2956 294 3006 dieses?
312 2956 386 3007 Cotta
395 2956 520 3005 verheisst
531 2972 650 3006 zwaram
692 2956 850 3022 Pythagoras
868 2957 971 3019 melate,
1003 2958 1068 3006 laun
1092 2973 1148 3008 man
1172 2959 1205 3011 im
1272 2980 1276 2985 ·

140 3024 242 3076 Schluss
257 3023 340 3073 dieses
352 3022 466 3090 Kapitels
483 3023 531 3072 deu
551 3023 651 3073 Beweis
693 3023 776 3073 Somu.
797 3023 863 3090 Scip.
884 3039 906 3074 c.
935 3023 1053 3076 5lcsen:
1085 3029 1140 3085 Quis
1158 3032 1203 3092 iric,

139 3108 171 3144 zu
183 3093 595 3158 ffihren(qoomodmodomdocelol;
607 3090 651 3158 die
671 3140 674 3144 ,
692 3096 801 3157 inquom,
828 3097 880 3158 pois
904 3102 937 3144 est
960 3098 1001 3158 qui
1023 3098 1118 3160 coosplet
1136 3114 1204 3148 aures

78 3212 83 3223 ι
140 3159 532 3219 Stelle,woeresversucl1te,
553 3158 652 3208 istver-
692 3176 755 3210 meas
782 3167 858 3210 tostos
885 3169 906 3211 et
932 3169 978 3212 tom
1006 3164 1081 3213 dulcis
1113 3162 1204 3216 conos?

138 3228 225 3285 iorem
247 3228 305 3278 dass
324 3241 353 3276 ar
369 3227 411 3276 ilm
425 3225 652 3277 aberuichtwirlr·
693 3229 736 3277 Hic
764 3236 810 3290 est,
837 3231 913 3294 inquit
936 3231 988 3292 ille,
1013 3234 1054 3295 qai
1076 3234 1205 3283 interuallis

138 3296 188 3346 liclr
206 3296 270 3346 lehc
289 3295 378 3344 ldhran
394 3295 509 3354 krinnen,
538 3293 573 3345 ist
590 3294 652 3344 ohne
696 3298 829 3345 coniunctus
846 3299 986 3362 imparibus,
1013 3301 1054 3348 sed
1072 3307 1147 3350 tameo
1161 3317 1204 3364 pro

140 3363 272 3416 Wcitcres
289 3362 353 3412 klar.
511 3374 518 3391 ι
693 3370 747 3413 roto
767 3366 874 3428 portione
900 3367 1028 3427 distinctis,
1054 3369 1155 3431 impulso
1185 3375 1206 3416 ει

174 3428 216 3488 ll·
241 3436 269 3484 n
290 3436 350 3482 enim
381 3435 470 3497 quaerit
486 3457 522 3503 -3
539 3434 652 3483 Socrates.
693 3439 756 3481 moto
784 3431 886 3496 ipsorum
910 3435 999 3483 orbium
1023 3437 1154 3496 conficitur,
1185 3441 1206 3483 et

143 3499 169 3550 S.
190 3499 220 3556 ll,
235 3502 265 3559 ι6,
289 3501 329 3550 l'l.
476 3524 480 3538 ι
694 3506 762 3549 εεειε
780 3514 830 3548 oum
846 3502 953 3569 providos
978 3507 1105 3567 torperem
1127 3503 1205 3550 corios

177 3569 218 3618 27.
244 3571 272 3619 m
296 3584 336 3632 epo
375 3583 459 3629 own,
485 3569 661 3618 condecentia,
694 3567 845 3632 aeqoaoiloer
856 3575 978 3617 concentor
988 3568 1072 3632 efficit:
1090 3585 1132 3619 aec
1145 3571 1206 3619 enim

114 3687 116 3690 Α
142 3653 234 3687 oem-.
266 3633 336 3683 ‘Zur
358 3583 536 3694 demtuessung
569 3632 653 3684 dieses
695 3635 786 3684 silentio
811 3637 869 3684 torti
891 3643 966 3685 motor
988 3637 1082 3686 incitari
1097 3638 1203 3701 possunt,

143 3699 296 3753 Eiuwaudes
324 3699 416 3764 geuigt
441 3715 468 3750 es
490 3699 538 3750 uui
557 3700 604 3751 das
621 3716 653 3750 zu
695 3710 717 3754 ει
734 3709 816 3752 notare
833 3706 890 3766 sert,
919 3709 944 3752 ot
969 3709 1069 3753 extremo
1087 3720 1116 3753 ec
1133 3705 1206 3753 altera

143 3785 166 3820 c.
186 3772 210 3828 9,
231 3771 263 3821 23
282 3768 392 3831 Gesagte
409 3784 441 3817 zu
457 3767 607 3820 verweisen.
687 3776 759 3836 ,pprte
776 3772 887 3833 praviter,
914 3786 943 3820 ec
957 3772 1031 3821 αιιετε
1048 3779 1123 3822 aotam
1140 3779 1206 3822 orote

178 3842 209 3890 ud
222 3843 362 3890 harmoniam
373 3840 579 3889 connectendam.
605 3835 653 3886 Die
695 3845 783 3889 sonent.

144 3905 357 3973 Pythagoreisclre
388 3904 492 3954 Ansicht
524 3918 573 3953 von
608 3904 654 3954 der
728 3921 776 3956 ooo
799 3907 921 3970 artificiose
942 3908 1089 3975 ambulantis.
1125 3902 1201 3962 s.11‚

145 3973 278 4061 Hermonis
303 3974 349 4023 der
371 3972 482 4055 Sphireu
507 3971 573 4022 wird
597 3987 674 4022 vom.
696 3974 736 4030 22,
758 3973 798 4022 57.
