2640 4418
506 343 567 397 un.
587 345 606 396 1.
628 345 699 415 aar.
718 347 745 397 a
766 347 790 397 ι.
1072 417 1074 422 y
1136 334 1173 397 31

109 519 178 562 vera
202 499 251 561 sit.
297 501 361 573 Qua
393 499 512 579 quidem
535 500 566 560 in
595 518 700 561 caussa
730 507 760 559 et
780 498 942 560 benevolos
967 497 1205 577 obiurgatores3

112 587 238 666 placare.
253 591 283 644 et
302 584 419 645 invidos
434 584 647 664 vituperatores
660 584 814 645 conlutare
826 603 996 663 possumus,
1021 593 1053 644 ut
1067 585 1176 645 alteros

111 668 342 749 reprehendisse
370 670 538 748 poeniteat,
568 668 653 729 alteri
682 667 824 729 didicisse
846 688 879 729 se
902 669 1056 745 gaudeant.
1100 670 1174 730 Nam

111 755 161 834 qui
184 754 343 814 admonent
365 754 476 826 amice,
500 753 625 813 docendi
650 760 735 825 sunt;
765 752 816 832 qui
838 753 959 814 inimice
982 753 1174 827 insectantur,

109 838 284 917 repellendi.
328 838 450 898 Multum
475 847 572 898 autem
601 837 724 897 fluxisse
752 837 839 897 video
869 839 906 898 de
935 836 1021 898 libris
1051 839 1173 912 nostris,

110 940 185 1002 quos
208 922 377 1001 complures
389 921 470 981 brevi
484 933 619 1000 tempore
634 921 790 994 edidimus,
813 921 987 1000 variumque
1006 942 1174 985 sermonem

107 1007 216 1087 partim
247 1005 471 1079 admirantium,
506 1006 584 1067 unde
612 1007 669 1066 hoc
697 1005 930 1086 philosophandi
959 1007 1046 1067 nobis
1075 1008 1173 1070 subito

108 1092 240 1153 studium
262 1091 434 1162 exstitisset,
459 1091 582 1170 partim,
608 1090 677 1169 quid
702 1109 817 1170 quaque
840 1091 877 1152 de
900 1110 932 1152 re
955 1092 1027 1151 certi
1050 1092 1174 1154 hahere-

107 1195 189 1251 mus,
220 1176 298 1237 soire
322 1176 512 1253 cupientium.
557 1175 655 1236 hlultis
685 1175 773 1236 etiam
802 1175 883 1235 sensi
914 1175 1049 1237 mirabile
1070 1177 1173 1251 videri,

108 1278 171 1321 eam
203 1260 289 1338 nohis
318 1259 506 1339 potissimum
536 1262 690 1338 probatam
711 1278 786 1329 ,esse
820 1259 1060 1339 philosophiam,
1096 1280 1172 1340 quae

108 1344 202 1405 lucem
234 1345 363 1422 eriperet
391 1353 420 1405 et
449 1344 533 1422 quasi
557 1357 675 1412 noctem
702 1346 849 1424 quandam
879 1344 968 1405 nehus
998 1345 1173 1419 ollttnderet,

108 1430 303 1508 desertaeque
326 1428 503 1508 disciplinae
533 1436 563 1489 et
590 1429 791 1508 iampridem
824 1429 945 1490 relictae
974 1429 1174 1511 patrocinium

108 1515 356 1592 necopinatuma
388 1513 475 1573 nohis
498 1531 565 1573 esse
594 1523 776 1592 susceptum.
820 1514 881 1574 Nos
912 1521 1010 1573 autem
1040 1532 1095 1574 nec
1122 1535 1173 1576 su·

106 1597 169 1657 hito
192 1597 345 1676 coepimus
368 1597 585 1676 philosophari,
608 1616 664 1658 nec
678 1597 859 1658 mediocrem
884 1617 899 1658 a
918 1599 1015 1676 primo
1039 1607 1173 1678 tempore

106 1682 210 1741 aetatis
228 1683 257 1741 iu
274 1700 309 1741 eo
326 1683 425 1743 studio
441 1701 562 1761 operam
578 1701 738 1762 curamque
753 1683 1003 1761 consumpsimus,
1021 1691 1059 1756 et,
1079 1703 1167 1763 quum
1183 1697 1199 1748 6

106 1765 227 1826 minime
249 1765 435 1839 videbamur,
464 1776 525 1827 tum
554 1767 679 1827 maxime
705 1767 1007 1846 philosophahamur3
1036 1769 1114 1847 quod
1144 1780 1174 1832 et

107 1851 257 1909 orationes
269 1849 421 1911 declarant
439 1851 564 1911 refertae
581 1851 828 1929 philosophorum
841 1851 1005 1921 sententiis,
1022 1863 1051 1912 et
1061 1853 1173 1914 doctis-

107 1934 249 1993 simouum
272 1933 424 1995 hominum
441 1933 666 2005 familiaritates,
691 1935 798 2013 quihus
815 1953 935 2013 semper
949 1935 1054 1998 domus
1071 1945 1172 1999 nostra

107 2017 222 2090 floruit,
246 2027 276 2079 et
296 2018 449 2097 principes
472 2018 524 2090 illi,
548 2019 706 2090 Diodotus,
730 2018 826 2092 Philo,
850 2019 1023 2092 Antiochus,
1046 2021 1172 2083 Posido-

139 2145 169 2206 3
190 2154 214 2202 5.
237 2157 284 2210 Oua
295 2156 422 2217 paratomon
440 2171 529 2204 caussa.
558 2150 617 2201 Mon
660 2157 688 2204 de
706 2157 791 2204 additis
808 2158 876 2205 radus
895 2162 914 2203 et
933 2157 1050 2216 obscuris,
1077 2158 1116 2219 qui
1133 2159 1171 2207 ln-

105 2219 170 2268 kann
188 2219 239 2268 sich
258 2220 335 2269 durch
354 2219 402 2268 ein
409 2219 616 2282 hinzugetlachtes
659 2239 706 2272 cem
724 2226 809 2302 eripere
828 2220 991 2273 conetur?ih.
1011 2195 1088 2278 e'32,
1105 2223 1166 2273 105:

106 2293 225 2338 tractanda
240 2288 287 2336 den
301 2287 553 2348 hurzangedcuteten
569 2287 617 2336 Ge·
657 2306 704 2339 non
731 2293 789 2339 eninr
813 2293 884 2340 lucam
912 2294 1035 2354 rripimns;
1064 2279 1104 2341 secl
1133 2309 1167 2354 ea,

106 2352 411 2402 dankenverdeutlicheu
440 2353 546 2403 ladem
564 2353 616 2403 ich
659 2373 716 2419 quac
734 2373 773 2405 tos
796 2360 897 2420 percipi,
927 2361 1005 2407 eadem
1031 2375 1073 2407 nos
1095 2334 1170 2408 uideri

106 2420 615 2482 nun,willC.sagen,dieseStreit-
660 2424 1169 2477 dictamen.103:ohAoademrasensus

105 2487 203 2549 fruge
229 2504 266 2537 zu
289 2488 477 2537 hehaudeln
502 2496 558 2537 unt
564 2503 614 2538 er·
658 2493 723 2554 eripi.
749 2489 780 2538 cl.
801 2489 857 2539 Liv.
878 2489 913 2546 X,
934 2491 982 2540 32:
1011 2495 1096 2543 natata
1120 2504 1169 2546 erat

105 2556 223 2614 nohme,
239 2555 292 2605 hin
306 2555 356 2604 ich
372 2555 455 2605 wohl
469 2556 614 2606 inaStan-
658 2561 769 2608 —dcnsa
787 2562 852 2622 adea,
873 2567 897 2608 ut
916 2561 974 2609 tacis
986 2577 1053 2610 usum
1063 2563 1167 2624 eriperet.

105 2623 149 2681 de,
165 2623 435 2685 michdeswegen
450 2638 551 2686 gagen
566 2632 613 2673 et-
690 2629 988 2691 desertaequedisciplinae.
1007 2624 1032 2675 S.
1055 2633 1130 2674 unten
1143 2644 1164 2677 c.

104 2692 231 2754 wauige
249 2690 372 2741 Tadler
389 2692 613 2742 zureehtier·
656 2693 678 2748 5,
703 2693 741 2742 11.

104 2758 129 2808 ti
136 2774 204 2820 gen.
233 2759 311 2808 Unter
328 2759 375 2809 den
393 2758 483 2809 heiden
503 2775 549 2809 nun
568 2759 611 2809 he-

104 2826 249 2875 zciehnetcn
265 2826 367 2876 Classen
385 2843 433 2875 von
443 2825 554 2877 Tadlern
572 2828 612 2876 alie

104 2892 206 2943 Stoiher
223 2893 271 2941 und
290 2893 329 2942 dic
347 2893 487 2958 Epilureer
508 2911 538 2943 zu
556 2910 612 2944 ver-

104 2962 197 3017 stehen,
219 2960 268 3009 wie
281 2961 384 3010 Manche
402 2961 505 3022 gewollt
521 2961 609 3020 hohen,

102 3027 136 3078 ist
153 3027 265 3079 offenhar
281 3029 407 3078 vcrkehrt.

137 3096 160 3148 6.
182 3116 231 3149 eam
248 3124 277 3133 -—
290 3101 471 3162 philosophiam,
508 3095 611 3145 naimlich

104 3163 283 3214 Academicum.
327 3163 445 3214 Aehnlich
468 3163 530 3213 laisst
557 3163 608 3213 Cic.

104 3231 181 3280 Acad.
191 3231 220 3290 ll,
233 3235 271 3290 to,
282 3234 311 3283 61
321 3232 368 3281 tlen
376 3229 464 3281 Lucull
474 3247 505 3280 zu
513 3231 612 3282 sichsa·

104 3311 164 3358 gen:
187 3304 246 3351 Tune
264 3319 312 3351 eam
326 3305 496 3366 philosophiam
508 3317 609 3366 sapuere,

103 3383 161 3430 quae
179 3372 297 3432 confundit
313 3386 366 3420 ocra
384 3386 434 3420 cum
451 3371 532 3433 salsis,
557 3386 611 3434 spo-

103 3437 145 3484 liat
162 3451 205 3484 nos
222 3439 322 3497 iudicia,
343 3441 419 3501 privat
437 3440 608 3501 approbatione,

103 3504 207 3551 omnihus
224 3507 289 3553 orhat
306 3508 480 3556 sensibus?-
506 3501 544 3550 Zu
563 3502 610 3551 den

103 3565 214 3616 Worten
232 3586 289 3645 punc
305 3573 377 3622 lucem
395 3576 489 3637 eriperet
501 3570 548 3619 den
560 3568 611 3618 lta-

103 3635 139 3684 tiv
155 3634 247 3686 rehus'
240 3650 273 3684 nn
291 3635 431 3697 llolgenden
456 3654 487 3686 zu
511 3638 605 3694 ziehen,

101 3702 227 3753 verhtetet
251 3703 326 3751 sehon
351 3705 392 3754 dic
413 3705 607 3784 Wortstellung

102 3770 229 3821 Vielmehr
251 3770 285 3819 ist
307 3771 353 3819 der
369 3771 444 3821 Dativ
468 3774 536 3823 eines
553 3788 610 3839 per-

102 3838 228 3888 sdulichcn
243 3837 351 3901 Ohjccts,
373 3844 438 3893 nohis
457 3840 518 3890 oder
536 3846 609 3893 homi-

102 3912 177 3971 nihus,
189 3906 400 3955 hinzuzudenken.
420 3905 476 3968 Vgl.
487 3908 565 3957 Acad.
575 3907 605 3966 ll,

104 3976 142 4033 to,
169 3949 221 4026 ho:
249 3979 306 4042 quid
328 3992 378 4026 enm
399 3980 512 4041 facturam
532 3984 609 4042 putem

688 2763 808 2821 Diodotus,
831 2758 946 2816 Stoiker,
968 2760 1034 2810 lebte
1053 2763 1167 2813 mehrere

654 2825 730 2876 lehre
754 2826 787 2875 itu
812 2826 895 2876 Haase
923 2828 966 2875 des
985 2827 1087 2886 Cicero,
1119 2830 1167 2878 den

655 2909 684 2942 er
702 2894 763 2943 auch
782 2909 837 2942 zum
848 2893 931 2942 Erhcn
947 2894 1030 2944 seines
1042 2896 1109 2944 nicht
1122 2913 1167 2957 un-

653 2959 826 3010 hedeutenden
844 2959 994 3011 Nachlasscs
1013 2962 1142 3014 einsetzte.

687 3031 750 3079 Pluto
777 3043 822 3077 aus
840 3027 957 3087 Larissa,
987 3030 1163 3090 Akademikcr,

655 3096 770 3144 lliichtete
789 3096 820 3145 im
831 3095 1047 3147 Mithridatischeu
1060 3096 1162 3162 Kh'iege,

655 3165 712 3222 666,
734 3179 779 3213 aus
797 3165 878 3214 Athen
897 3165 958 3214 nach
977 3165 1045 3224 Rom,
1067 3183 1107 3216 wo
1125 3168 1166 3217 Ci-

655 3246 721 3289 cero,
747 3232 797 3282 wie
816 3247 844 3281 er
862 3231 941 3282 selbst
958 3233 1026 3284 Brut.
1048 3237 1087 3292 89.
1115 3238 1165 3288 306

654 3307 725 3361 sagt,
754 3309 825 3352 totum
849 3319 874 3351 se
900 3306 921 3351 ci
939 3306 1043 3353 tradidit.
1078 3302 1115 3352 Er
1132 3304 1166 3353 ist

655 3366 700 3417 aler
717 3367 792 3416 lctzte
818 3368 943 3417 namhalte
961 3367 1095 3420 Vertreter
1119 3370 1165 3420 der

652 3435 850 3485 Akademischen
867 3435 1033 3502 Philosophia.
1070 3441 1164 3489 Philone

652 3508 701 3554 nino
723 3509 877 3568 patrocinium
901 3508 1034 3557 Academiae
1058 3504 1163 3556 non'de-

651 3575 703 3635 tuit,
725 3577 781 3632 sagt
800 3570 851 3620 Cic.
872 3572 949 3620 Acutl.
971 3570 1001 3628 ll,
1023 3574 1046 3629 6,
1071 3575 1109 3620 ll.

685 3641 808 3690 Antiochus
819 3653 864 3688 aus
873 3639 988 3695 Ascalon,
1004 3653 1075 3687 zwar
1086 3637 1162 3688 Schti-

651 3703 743 3755 lertles
754 3705 831 3763 Phila,
854 3706 916 3755 aber
934 3705 1000 3754 nicht
1017 3704 1162 3757 seiuNaeh·

652 3772 740 3834 folger.
777 3773 848 3823 liena
866 3789 894 3822 er
911 3772 1015 3822 verliess
1034 3774 1081 3824 den
1095 3775 1161 3824 Aha-

652 3841 793 3890 demischen
805 3840 983 3904 Shepticisntus
1001 3843 1050 3891 und
1068 3841 1160 3892 hildcte

651 3908 702 3958 sich
721 3908 761 3958 oin
779 3907 960 3966 eklehtisches,
988 3923 1033 3959 aus
1051 3908 1163 3960 Platoni-

650 3978 732 4034 sohen,
754 3973 958 4026 Aristotelisehen
974 3977 1021 4026 und
1033 3977 1161 4029 Stoisehen
