2640 4418
437 333 498 386 Llll.
519 334 550 385 ll.
572 333 643 386 CAP.
665 336 706 421 31.
727 335 768 386 32.
789 336 829 387 33.
987 368 988 372 =
1063 357 1069 363 ·
1107 324 1164 383 141

451 450 455 476 ,
624 451 625 455 ,

102 490 161 551 rim
182 488 360 569 participem
381 489 508 550 rationis
529 498 619 569 atque
642 488 771 563 ordinis,
801 497 951 566 tamquam
973 487 1019 547 via
1040 503 1166 566 progre-

104 575 234 636 dientem
251 573 538 653 declarantemque,
569 573 639 652 quid
667 573 811 652 cuiusque
838 573 882 633 rei
910 590 1017 634 caussa
1046 572 1166 646 alliciat,

104 658 176 738 quid
198 670 348 738 sequatur,
369 658 455 720 cuius
478 658 641 721 sollertiam
663 656 742 719 nulla
764 676 823 730 ars,
846 656 926 718 nulla
941 675 1056 730 manua,
1079 675 1167 718 nemo

79 738 203 822 'opilea
225 743 370 821 consequi
386 743 484 823 possit
503 742 664 804 imitando:
688 742 811 803 seminis
835 741 913 802 euim
930 741 988 802 vim
1011 759 1079 802 esse
1101 749 1167 802 tan·

103 837 178 902 tam,
208 834 240 887 ut
261 827 309 901 id,
338 845 516 907 quamquam
539 826 579 889 sit
599 827 807 906 perexiguum,
836 826 1009 900 tamem-si
1031 824 1172 887 inciderit

100 913 133 972 in
149 908 370 991 concipientem
388 912 749 990 comprehendentemque
771 921 906 973 naturam
927 920 1107 990 tractumque
1130 910 1169 972 sit

105 996 270 1069 materiam,
292 1015 351 1075 qua
374 995 412 1056 ali
435 996 597 1076 augerique
617 995 724 1074 possit,
748 995 788 1056 ita
812 996 934 1073 effingat
954 1006 984 1056 et
1003 995 1117 1057 efficiat
1138 996 1169 1056 iu

103 1100 158 1142 suo
180 1080 312 1160 quidque
326 1096 445 1157 genere,
467 1081 578 1161 partim
598 1087 632 1142 ut
651 1080 857 1141 tantummodo
879 1099 935 1160 per
955 1081 1064 1161 stirpes
1087 1079 1169 1141 alau-

103 1173 150 1226 tur
172 1184 251 1238 suas,
274 1165 383 1245 partim
405 1175 438 1226 ut
459 1167 572 1243 moveri
594 1163 684 1233 eliam
707 1174 737 1226 et
757 1163 868 1226 sentiro
891 1171 921 1225 et
939 1174 1080 1245 appetere
1095 1182 1168 1243 pos-

103 1250 164 1313 sint
192 1261 222 1310 et
250 1269 286 1311 ex
314 1268 381 1310 sese
410 1250 457 1311 sui
480 1250 589 1313 similia
603 1250 744 1328 gignere.
773 1250 864 1310 *Sunt
885 1256 997 1319 autem,
1028 1248 1079 1329 qui
1102 1268 1166 1311 om·
1180 1258 1211 1310 82

102 1334 152 1395 nia
174 1347 296 1397 naturae
325 1333 446 1395 nomine
469 1334 635 1415 appellent,
663 1344 697 1396 ut
717 1333 881 1414 Epicurus,
910 1333 960 1413 qui
989 1333 1030 1395 ita
1052 1332 1167 1408 dividit,

106 1417 238 1478 omnium
262 1437 337 1497 quae
360 1418 422 1479 sint
442 1431 577 1480 naturam
601 1437 668 1480 esse
690 1438 816 1499 corpora
839 1428 870 1480 et
896 1417 1002 1492 inane,
1032 1436 1186 1498 quaeque»

103 1502 151 1563 bis
174 1501 320 1563 accidant.
353 1504 412 1564 Sed
435 1521 492 1564 uos
515 1521 606 1583 quum
627 1504 763 1578 dicimus,
786 1512 891 1565 natura
914 1509 1052 1565 constare
1074 1502 1168 1564 admi·

103 1585 284 1665 nistrarique
306 1587 465 1661 mundum,
493 1589 617 1648 nonita
641 1588 784 1663 dicimus,
813 1597 846 1649 ut
874 1587 990 1666 glebam
1017 1596 1069 1649 aut
1090 1589 1170 1665 irag·

52 1702 53 1706 =
102 1678 234 1732 mentum
261 1671 371 1751 lapidis
399 1679 458 1733 aut
476 1672 589 1752 aliquid
618 1672 765 1734 eiusmodi
794 1673 874 1734 nulla
903 1673 1083 1735 cohaerendi
1115 1692 1169 1735 na-

104 1762 186 1829 tura3
209 1755 262 1816 sed
284 1764 320 1817 ut
339 1756 492 1829 arborem,
515 1766 549 1819 ut
570 1756 695 1829 animal,
718 1758 749 1818 in
772 1757 880 1836 quibus
903 1757 983 1820 unlla
1006 1758 1169 1832 temeritas,

104 1838 158 1901 sed
181 1839 256 1901 ordo
278 1849 403 1920 apparet
424 1850 454 1902 et
482 1841 555 1902 artis
588 1842 732 1920 quaedam
762 1840 936 1902 similitudo.
981 1843 1096 1922 Quodsi
1120 1862 1164 1915 ca,
1181 1838 1225 1908 33

105 1943 180 2002 quae
210 1932 333 1986 eterra
363 1924 507 2005 stirpibus
536 1926 734 1999 continentur,
768 1934 831 1986 arte
859 1933 984 1986 naturae
1009 1926 1111 1987 vivunt
1139 1937 1212 1989 etse

103 2009 211 2087 rigent,
227 2004 369 2088 'prolecto
393 2011 458 2091 ipsa
480 2021 560 2073 terra
582 2008 685 2079 eadem
706 2011 735 2069 vi
758 2010 926 2095 continetur
948 2019 977 2071 et
999 2018 1061 2071 arte
1083 2019 1171 2072 uatu-

71 2153 72 2157 ,
105 2112 166 2166 rae,
189 2095 300 2173 quippe
317 2114 393 2174 quae
410 2096 560 2174 gravidata
582 2094 748 2157 seminibus
773 2094 872 2155 omnia
895 2094 993 2174 pariat
1015 2103 1044 2156 et
1065 2096 1171 2157 fundat

104 2226 125 2260 c.
146 2211 186 2268 22,
208 2213 239 2262 st
259 2212 359 2274 geselm.
385 2211 612 2275 vanarum,
657 2209 888 2268 Accidentieu,
916 2210 1007 2262 istdie
1025 2212 1170 2277 Bewegung
1259 2211 1262 2223 “

104 2279 151 2329 28:
171 2289 254 2339 cotnra
267 2285 376 2342 sentiens,
391 2284 418 2331 ia
430 2299 475 2347 qua
486 2286 545 2333 ratio
562 2297 616 2346 per-
657 2279 705 2328 dcr
721 2279 808 2328 Atome
832 2277 865 2328 im
883 2277 980 2329 Laeron
998 2280 1048 2330 und
1066 2281 1107 2330 die
1126 2281 1169 2331 da·

104 2353 164 2411 seete
175 2350 239 2408 insit,
259 2363 317 2412 quoe
330 2351 360 2397 ait
372 2351 450 2399 eadem
463 2353 615 2414 sempiterna:
656 2345 1027 2410 durellbewirlitchtstehung
1036 2347 1169 2412 derllingo

104 2431 172 2479 quam
188 2417 233 2464 uim
250 2418 351 2465 animum
369 2432 418 2465 osse
435 2418 613 2479 dinumerandi,
643 2429 689 2464 ,ιιι
706 2414 832 2464 versbebu.

105 2484 243 2547 caedereque
261 2499 311 2532 esse
326 2491 421 2533 mentem
435 2486 615 2549 sapientiamque
690 2490 927 2534 neturoconstare-
939 2486 1098 2536 mundumete.
1116 2482 1170 2534 Det·

102 2554 239 2613 perfectum:
256 2566 324 2629 quem
341 2553 408 2601 deum
422 2553 545 2616 appellent,
565 2568 615 2602 om-
657 2548 732 2599 Sina:
760 2547 845 2607 „Wir
861 2548 954 2599 wolleu
977 2549 1055 2600 damit
1080 2565 1165 2621 sagea,

103 2620 305 2683 utumquererum,
325 2623 611 2684 quoesuotcicube'ectoe,
658 2617 716 2667 dass
734 2617 774 2666 die
792 2615 867 2667 Welt
883 2617 952 2667 nieht
974 2617 1014 2667 eiu
1038 2617 1093 2669 blos
1118 2634 1170 2669 me1·

105 2688 171 2750 quusi
187 2689 332 2750 prudentium
350 2690 472 2752 quaedum.
657 2685 815 2742 ebuniscbes.
841 2684 949 2736 lebloses
968 2686 1097 2749 Aggregut
1118 2687 1169 2736 wie

137 2781 291 2830 declarantem
304 2805 327 2814 ,
342 2783 398 2844 quid
411 2797 436 2830 30
451 2789 535 2832 natur..
549 2776 574 2827 ἀ.
587 2779 612 2827 h·
649 2751 698 2803 ‘ein
711 2752 841 2803 Felsstaiclt
859 2752 920 2803 oder
938 2753 994 2803 eine
1010 2753 1166 2813 llrdsclaolle,

104 2842 140 2891 sie
157 2842 220 2892 Μ
237 2843 291 2892 ihre
312 2839 494 2908 jedesmahgeu
512 2841 615 2895 Ahssch·
657 2820 765 2870 scudem
789 2820 830 2870 eiu
852 2820 1014 2898 lebendiges,
1037 2822 1170 2883 organiscb

104 2916 146 2958 ten
170 2910 220 2959 und
242 2908 351 2960 zwesske
375 2912 515 2962 erkenuen:
547 2916 617 2978 sequ,-
656 2887 830 2938 verbundeues
849 2887 943 2964 ‘Gunze
977 2902 1016 2937 set
1045 2889 1095 2937 wie
1129 2889 1170 2938 oin

104 2980 208 3044 aliquid,
238 2984 340 3035 „etwas
358 2977 395 3027 als
412 2978 506 3029 Zweck
523 2977 616 3028 verlol-
657 2954 735 3004 Thlffi'
753 2953 816 3003 ⁰¹¹&
832 2969 888 3002 ⁰¹⁰⁰
906 2953 1039 3004 Pfl³¹¹²⁰·“

105 3051 185 3107 gen.·‘
212 3044 264 3095 nur
281 3050 338 3112 quid
356 3050 465 3124 cuiusque
480 3049 515 3098 rei
533 3063 616 3108 caussa

104 3119 241 3163 erwartete
258 3127 316 3163 mun
334 3111 395 3164 aber
411 3111 533 3163 vrelmebr
550 3117 615 3164 cuius

105 3185 205 3246 quidque
221 3186 255 3233 roi
272 3199 363 3234 coctae.

690 3024 757 3073 nullo
774 3026 909 3073 cohaerendi
923 3031 1022 3076 nature:
1040 3024 1103 3073 obue
1113 3023 1169 3074 eiua

658 3088 730 3138 daria
752 3087 882 3139 wirltende
906 3089 982 3139 Kralt
1005 3091 1169 3153 organisebea

656 3156 906 3238 Zu'summenbanges.
932 3156 1007 3237 Deua
1020 3161 1169 3242 nmorqwie

62 3309 70 3318 ,
139 3276 237 3324 Seminis
255 3279 314 3325 enim
332 3303 375 3324 -.
401 3273 449 3333 Eia
462 3263 615 3336 bestttigea-
656 3237 741 3343 κεῖ
754 3221 1170 3360 {illiglalllwleclwnlildygltllltlncgtlgtl
1244 3282 1247 3286 ⁴
1289 3307 1297 3314 ”

33 3388 37 3396 „
106 3339 150 3390 des
168 3339 276 3418 Beispiel
293 3340 334 3391 liar
354 3341 394 3392 die
412 3340 485 3410 abige
502 3340 616 3408 Bebaup·
658 3310 959 3428 Comm·5„pqipp‚ssp·6{‚
969 3361 1037 3419 5in.;
1049 3369 1170 3416 whom

105 3414 173 3470 lund·
657 3427 720 3478 aber
736 3428 842 3479 brauoht
853 3427 940 3479 Cicero
954 3431 1016 3480 auch
1035 3432 1174 3481 anderswo

138 3492 179 3542 82.
199 3501 225 3543 ut
236 3495 356 3557 Epicurea.
374 3491 420 3543 nie
437 3493 614 3556 eigeueubus·
656 3511 705 3545 von
724 3496 770 3546 der
786 3497 1120 3561 organiselrenVerbindung
1137 3513 1169 3547 zu

105 3557 199 3608 drticlae
217 3558 348 3609 desselben
365 3559 434 3622 giebt
451 3561 524 3612 Sext:
542 3561 611 3628 llmp.
658 3563 747 3645 ciuem
756 3563 866 3614 Ganzen.
887 3564 943 3628 Vgl.
958 3568 1032 3622 cdd,
1048 3569 1103 3617 115.
1125 3568 1165 3624 62,

105 3623 150 3684 ΙΧ,
172 3621 278 3688 333;,ἧ
302 3626 359 3676 τῶν
376 3620 446 3679 ὅλων
464 3625 547 3697 φύσις
564 3625 616 3680 σώ-
660 3634 716 3683 155.
742 3631 820 3682 aaut.
841 3630 865 3690 l,
888 3636 910 3690 1,
932 3633 978 3684 28ε
1008 3638 1069 3684 omiti
1085 3643 1169 3700 notura

103 3689 180 3812 perci
197 3689 255 3744 ἔστι
272 3691 317 3744 καὶ
328 3689 413 3745 κενόν.
440 3696 496 3759 Vgl.
511 3697 613 3748 Lueret.
658 3704 791 3752 ectromate
808 3709 829 3751 et
846 3705 986 3753 continuata.
1007 3699 1038 3749 dc
1056 3700 1134 3767 Legg.
1145 3701 1165 3759 l,

117 3800 123 3821 ‚
144 3764 208 3814 413:
238 3766 314 3815 Omnis
335 3773 363 3814 ut
386 3773 420 3816 est
441 3768 513 3829 iqitur
532 3784 574 3832 per
591 3784 616 3818 se
657 3768 680 3825 8,
703 3767 748 3817 24:
770 3771 818 3818 otio
835 3772 918 3832 quidus
932 3771 1077 3820 cohaererent
1094 3774 1168 3822 bomi-

104 3840 189 3883 noturo
215 3835 304 3883 duobus
330 3835 434 3883 consistit
457 3837 540 3886 rebus:
563 3852 616 3886 uam
656 3852 705 3886 ees.
730 3833 813 3883 Ueber
827 3833 1164 3888 dieSucbeverdientSext.

105 3916 203 4028 {plagam
219 3908 311 4019 scopet
327 3899 615 4019 lullegp—qunqloelm
657 3901 729 4020 amali
753 3900 798 3965 lX,
826 3903 927 3955 18-84
950 3899 1113 3967 nacbgelcsea
1136 3921 1167 3955 au

158 3985 244 4033 .qoae
276 3985 433 4031 uaccae,
472 4004 477 4016 .
518 3984 614 4020 ‚tre
656 3985 698 4020 we
730 3984 769 4020 eu.
864 3985 868 3997 *
943 3987 947 3993 ·
