2640 4418
155 323 218 388 210
509 332 557 382 nn
576 331 868 386 11111111011111
959 384 963 393 ,

155 500 259 572 potes,
291 488 315 548 si
338 488 484 549 Latonam
514 486 601 547 deam
632 497 734 566 putas,
759 475 902 548 Hecatam
924 506 987 549 non
1003 496 1128 567 putare,
1160 507 1239 568 quae

155 586 249 637 matre
272 571 388 633 Asteria
410 579 468 642 est,
492 589 597 632 sorore
619 567 776 633 Latonae?
797 576 841 632 An
855 571 931 633 haec
954 589 1073 651 quoque
1088 572 1142 633 dea
1166 570 1237 635 est?

155 659 290 720 Vidimus
323 657 403 718 enim
427 655 494 717 eius
529 673 597 716 aras
634 656 818 735 delubraque
850 656 882 717 in
905 656 1038 717 Graecia.
1082 658 1137 719 Sin
1159 659 1237 720 haec

47 752 51 757 ’
156 745 211 806 dea
235 752 290 814 est,
314 760 368 803 cur
389 758 451 801 non
474 739 679 801 Eumenides?
703 742 786 813 Quae
809 741 835 802 si
858 741 932 802 deae
954 749 1032 812 sunt,
1057 760 1183 831 quarum
1206 751 1238 805 et

155 827 280 888 Athenis
311 826 413 886 fanum
448 835 503 897 est,
537 833 565 886 et
589 825 668 904 apud
690 844 764 900 nos,
799 833 832 886 ut
853 841 908 902 ego
930 825 1122 904 interpretor,
1146 826 1244 889 lucus.

154 912 300 973 Furinae:
323 910 431 970 Furiae
454 909 527 971 deae
551 915 635 983 sunt,
660 909 891 988 speculatrices,
914 910 1021 987 credo,
1047 919 1076 971 et
1097 911 1235 974 vindices

111 1007 142 1057 tt
157 996 324 1057 facinorum
358 1003 387 1054 et
420 993 578 1055 scelerum.
638 994 753 1066 Quodsi
784 994 859 1054 tales
883 992 926 1054 dii
954 1003 1039 1069 sunt,
1075 1003 1119 1055 ut.
1140 995 1233 1059 rebus

157 1080 305 1143 humanis.
319 1078 474 1140 intersint:
497 1077 584 1139 Natio
608 1097 728 1157 quoque
749 1079 805 1139 dea
826 1079 958 1156 putanda
981 1086 1035 1151 est,
1059 1079 1116 1152 cui,
1132 1099 1235 1163 fluum

154 1166 225 1227 farra
248 1164 410 1224 circuimus
432 1163 462 1223 in
486 1181 556 1240 agro
579 1163 710 1236 Ardeati,
733 1181 797 1223 rem
820 1161 1060 1224 divinamfacere
1083 1164 1235 1227 solemus:

156 1248 233 1330 duae
256 1248 327 1327 quia
358 1254 462 1327 partus
496 1255 699 1308 matronarum
720 1254 854 1319 tueatur,
890 1248 1121 1309 enascentibus
1144 1249 1234 1312 Natio

154 1334 309 1395 nominata
332 1341 388 1393 est.
431 1332 474 1393 Ea
497 1331 523 1392 si
555 1331 609 1392 dea
633 1341 692 1403 est,
726 1331 768 1392 dii
791 1350 896 1393 omnes
920 1331 978 1404 idi,
1013 1332 1063 1411 qui
1101 1350 1233 1397 comme-

133 1418 349 1479 morabantur
371 1425 443 1488 ate,
466 1413 580 1488 Honos,
603 1415 704 1488 Fides,
726 1414 819 1487 Mens,
843 1416 1028 1477 Concordia:
1053 1434 1123 1493 ergo
1143 1422 1235 1481 etiam

55 1510 62 1520 ‘
156 1504 243 1581 SpeS,
266 1502 384 1562 Moneta
408 1500 577 1578 omniaque,
601 1518 677 1577 quae
693 1500 882 1576 cogitatione
905 1501 1056 1561 nobismet
1077 1501 1137 1579 ipsi
1159 1521 1232 1581 pos-

84 1657 87 1660 ,
155 1605 259 1648 sumus
281 1587 403 1662 tingere.
449 1584 576 1656 Quodsi
598 1585 662 1667 ueri
684 1584 781 1665 simile
802 1603 862 1644 non
885 1593 939 1657 est,
964 1585 1087 1646 neillud
1111 1587 1233 1664 quidem

97 1668 142 1738 111
158 1680 214 1745 est,
230 1663 311 1730 ¹haec
334 1669 412 1729 unde
435 1668 592 1729 ssrrxerunt.
638 1668 717 1741 Quid
739 1674 836 1730 autem
859 1669 945 1742 dicis,
969 1669 995 1729 si
1018 1669 1060 1730 dii
1083 1680 1153 1731 stant
1175 1672 1231 1745 illi,

156 1775 233 1835 quos
256 1754 383 1814 colimus
406 1763 436 1814 et
458 1753 644 1832 accepimus:
671 1772 725 1814 cur
745 1772 805 1813 non
828 1753 938 1814 eodem
955 1754 987 1814 in
1010 1771 1119 1831 genere
1142 1756 1232 1818 Sera-

155 1840 217 1920 pim
239 1839 372 1918 Isimque
394 1835 609 1899 numeremus?
633 1837 720 1910 Quod
743 1838 769 1898 si
792 1837 936 1911 facimus,
960 1857 1013 1898 cur
1032 1839 1232 1913 barbarorum

155 1926 230 1986 deos
251 1919 469 2003 repudiemus?
501 1923 596 1983 Boves
630 1922 722 1999 igitur
751 1930 781 1983 et
814 1941 923 2002 equos,
946 1923 1026 1994 ibes,
1057 1924 1230 2002 accipitres,

156 2009 287 2088 aspidas,
312 2007 491 2080 crocodilos
513 2008 624 2089 pisces,
648 2025 748 2080 caneS,
771 2007 873 2085 lupos,
897 2006 987 2080 feles,
1009 2008 1118 2069 multas
1140 2028 1241 2088 prae:

156 2104 239 2154 terea
261 2092 376 2153 belluas
405 2093 435 2152 in
468 2090 592 2152 deorum
625 2109 749 2153 numero
777 2104 968 2170 reponemus·
1001 2092 1098 2165 ,Quae
1121 2093 1147 2153 si
1180 2113 1234 2155 re-

111 2178 305 2248 abiiciamus,
327 2177 377 2237 illa
403 2192 531 2254 quoque,
554 2175 720 2261 undabaec
741 2182 809 2236 nata
822 2184 900 2248 sunt,
923 2176 1121 2238 reiiciomas.-
1149 2177 1231 2250 Quid

118 2320 128 2332 ,
155 2258 288 2324 deinde?
310 2261 363 2320 lno
386 2260 440 2320 dea
464 2260 589 2332 dicetur,
613 2279 689 2338 qnae
713 2259 880 2320 Leucothea
904 2279 920 2320 a
945 2260 1075 2334 Graecis,
1099 2279 1115 2320 a
1139 2262 1229 2324 nobis

156 2348 268 2408 Matuta
284 2345 403 2417 dicitur,
427 2345 570 2424 quamsit
585 2344 688 2407 Cadmi
701 2343 777 2405 filia:
802 2343 887 2406 Circe
900 2352 1001 2405 autem
1022 2355 1052 2405 et
1065 2345 1226 2424 Pasiphae,

192 2484 258 2531 taras
276 2483 384 2530 Furinae.
412 2476 506 2527 Dieseu
524 2485 601 2526 neunt
615 2476 673 2526 Plu·
716 2476 868 2528 Mdnzstdtte
892 2492 961 2535 war,
994 2493 1021 2527 so
1049 2486 1141 2528 nannte
1168 2495 1226 2531 man
1306 2500 1309 2509 .

156 2542 228 2594 'barch
254 2545 282 2595 C.
304 2543 409 2594 Gracch.
430 2560 451 2592 c.
475 2547 505 2595 17
532 2540 612 2598 ἄλσος
633 2537 672 2592 Ἐ-
716 2546 778 2594 auch
797 2544 866 2594 diosc
885 2547 947 2596 nach
971 2545 1012 2595 ihr
1039 2551 1131 2612 officina
1148 2551 1237 2601 dione-⁸
1259 2571 1263 2594 ι

158 2608 269 2681 pendor,
288 2626 391 2661 woraus
410 2611 462 2660 sich
482 2611 551 2660 seine
569 2611 614 2661 mit
631 2610 675 2661 ci.
715 2620 759 2663 tae.
777 2611 833 2660 Liv.
853 2611 895 2671 Vt
918 2616 958 2670 20,
983 2615 1027 2671 13;
1045 2615 1076 2677 ja
1093 2613 1133 2664 ihr
1146 2612 1226 2666 Numa

114 2740 119 2747 ,
158 2696 216 2730 cero
229 2678 672 2730 dbereinstimmendeAnsichtdber
715 2678 774 2740 ging
792 2680 838 2729 aus
853 2681 898 2729 das
917 2681 1047 2743 gomdnzte
1066 2680 1129 2733 Geld
1146 2681 1226 2733 selbst
1308 2712 1310 2724 .

158 2748 199 2798 die
217 2749 365 2809 Bcdoutuug
383 2747 429 2797 der
436 2746 550 2797 Gottbeit
560 2744 666 2809 ergiebt,
714 2746 787 2795 iiber.

158 2816 199 2866 dic
224 2817 287 2865 nach
311 2814 398 2865 Varro*
421 2814 451 2863 L.
472 2813 502 2864 L.
523 2814 554 2873 V,
582 2816 671 2881 84‘zu
746 2809 796 2870 19.
816 2818 920 2880 Serapim
937 2818 1043 2881 Isimque.
1074 2815 1226 2867 DerDicnst

158 2884 205 2934 den
224 2884 308 2946 weuig
325 2883 468 2933 bekannteu
487 2883 598 2946 gehdrtn
627 2881 670 2932 ob·
713 2880 1223 2949 dieserdegyptisobenGottheitenhatto

114 3001 121 3016 ,
157 2951 237 3015 gleich
256 2967 284 3002 es
302 2951 375 3001 einen
388 2955 482 3003 Flamen
490 2955 608 3004 Furinalis
621 2950 670 3000 und
713 2951 789 2999 schoa
805 2950 837 2999 im
856 2953 878 3001 6.
896 2949 983 3000 Jahrb.
997 2949 1114 3014 Eingang
1125 2952 1150 3002 in
1162 2952 1225 3003 Rom

157 3019 198 3070 ein
216 3020 276 3069 Fest
293 3023 414 3071 Farinatia
432 3017 491 3080 gab.
713 3017 838 3080 gefunden
857 3018 952 3080 (Valcr.
972 3016 1040 3068 Max.
1052 3017 1070 3077 1,
1085 3016 1152 3081 ab),
1174 3021 1225 3071 und

118 3108 124 3117 ·
191 3089 232 3137 47.
260 3089 327 3138 Natio
352 3087 445 3135 kommt
468 3101 515 3135 nur
533 3085 588 3134 bier
604 3100 665 3135 vor:
712 3085 1227 3139 obwoblerwiedcrbolentlichverboten

158 3153 208 3201 und
230 3154 293 3202 auch
319 3153 360 3201 die
384 3153 526 3215 Form„des
548 3151 665 3210 Nameus,
713 3153 762 3202 und
776 3155 882 3219 verpdnt
898 3153 1001 3213 warde,
1027 3154 1081 3204 sich
1100 3154 1163 3204 doch
1181 3155 1232 3206 im·

158 3218 189 3270 ob
199 3223 282 3272 Nescio
295 3220 357 3268 oder
368 3223 444 3282 Natio,
456 3218 490 3269 ist
501 3220 665 3271 zwcit'elbait.
711 3235 765 3270 mer
782 3221 880 3270 wieder
897 3220 1109 3282 eingeschiicben,
1133 3222 1172 3272 bis
1196 3224 1227 3274 dr

190 3291 281 3340 Moneta
304 3286 431 3336 erscheint
454 3286 479 3334 iu
503 3287 588 3337 dieser
604 3288 668 3339 Ver·
711 3287 808 3337 eudliob
821 3287 938 3350 Duldung
950 3288 999 3339 und
1013 3289 1080 3348 bald,
1103 3290 1152 3340 seit
1170 3291 1227 3342 dem

156 3355 268 3417 bindung
291 3353 329 3403 als
353 3354 409 3404 eine
431 3354 572 3404 besoudere
597 3355 668 3405 Gott·
711 3356 811 3417 Anfaug
830 3355 873 3404 des
892 3359 916 3407 8.
936 3356 1033 3415 Jahrb,
1056 3359 1119 3407 auch
1137 3358 1227 3410 disent·

157 3423 223 3479 hait,
252 3423 298 3472 der
322 3420 366 3471 Gr.
387 3425 531 3487 Mnemosyne
555 3431 668 3489 entspre·
709 3422 774 3471 iiche
792 3423 1057 3488 Anerkeannngfand.
1097 3425 1122 3476 S.
1145 3425 1224 3477 Orell.

156 3491 250 3548 cheud,
278 3489 355 3540 deren
373 3487 452 3541 Name
471 3491 534 3541 auch
551 3507 599 3540 von
618 3493 668 3540 Aa·
711 3488 959 3548 acerbandum.
1004 3492 1077 3555 ,Dan
1094 3492 1226 3546 Verbotea

157 3560 219 3610 doru
238 3573 265 3606 so
283 3557 414 3609 dhersetzt
435 3558 515 3614 wird;
544 3559 667 3620 wogbgeu
710 3556 821 3608 iremder
845 3559 916 3609 Culte
946 3558 990 3623 lag
1012 3560 1131 3623 subrigens
1155 3562 1226 3613 wohl

156 3628 303 3684 anderswo,
331 3627 394 3677 auch
416 3625 458 3674 bei
477 3625 566 3675 Cicero
589 3624 668 3675 selbst
709 3625 777 3675 nicht
794 3626 926 3689 eigendich
948 3629 1004 3678 eina
1022 3622 1161 3691 Laugnung
1178 3631 1226 3681 der

155 3695 188 3744 de
206 3694 263 3744 Div.
284 3694 308 3752 1,
330 3697 370 3752 45,
394 3695 441 3744 105
459 3692 667 3744 MonetaeinBei·
710 3692 821 3743 fremdcn
841 3693 942 3754 Gdtter,
970 3696 1076 3746 sondero
1103 3697 1226 3748 vielmebr

156 3777 228 3812 name
247 3762 357 3814 derlano
376 3761 415 3818 ist,
438 3759 491 3809 die
508 3758 666 3810 Mahnen·
709 3760 750 3810 dio
774 3762 878 3813 Ansioht
899 3779 931 3814 zu
955 3762 1070 3820 Grande,
1097 3765 1157 3814 dass
1181 3780 1224 3828 ge·

157 3829 206 3887 de.
236 3830 283 3879 den
311 3828 348 3877 sie
372 3828 412 3878 bei
436 3828 508 3893 einer
525 3828 666 3879 besondern
707 3829 1039 3882 wisseGdtteruadCulte
1057 3833 1226 3895 1111111131-

155 3895 344 3958 Veranlassdng
360 3890 663 3947 hekommenhabensoll.
707 3897 784 3948 wisse
802 3898 898 3950 Volker
923 3907 1039 3965 passtcn,
1067 3900 1109 3950 1ΐ11·
1127 3900 1223 3951 andere

155 3960 229 4016 Wiil
262 3964 341 4013 nebeu
374 3964 453 4015 ihrem
488 3964 593 4032 Tempel
625 3956 665 4016 die
708 3965 770 4017 aber
787 3967 862 4019 nicht.
