2640 4418
472 369 819 426 mmmmm
947 353 969 399 Ἰ
1117 358 1180 421 m

59 598 61 603 ,
102 525 244 610 protulit3
268 545 356 606 quern
379 524 480 587 dolum
503 524 582 587 idem
597 524 745 605 Aquillius
766 533 829 587 tum
851 521 956 585 teneri
970 530 1063 603 putat,
1086 541 1179 603 quum

103 610 185 673 aliud
208 610 247 673 sit
270 609 458 683 simulatum,
481 609 562 672 aliud
584 618 693 672 actum.
722 611 807 673 Hanc
829 607 921 688 igitur
941 615 1054 671 tantam
1077 626 1094 671 a
1116 607 1176 670 diis
1191 618 1222 668 *15

103 692 323 757 immortalibus
359 694 538 757 arbitramur
558 693 717 757 'malorum
751 701 916 757 sementem
950 711 1018 754 esse
1046 689 1179 756 factam?

104 780 138 843 Si
167 780 248 842 enim
276 779 424 842 rationem
451 778 626 847 hominibus
654 780 697 842 dii
726 780 887 853 dederunt,
920 776 1064 840 malitiam
1086 777 1180 845 dede·
1244 810 1247 815 »

104 872 191 926 runt:
216 872 262 926 est
284 862 497 926 enimmalitia
520 872 640 925 versuta
656 872 685 926 et
704 864 792 926 fallax
813 861 943 925 nocendi
963 863 1059 924 ratio:
1087 861 1180 924 iidem

105 949 196 1010 etiam
219 948 262 1010 dii
284 947 419 1010 fraudem
442 948 599 1022 dederunt,
622 948 738 1011 facinus
762 957 931 1027 ceteraque,
955 964 1081 1030 quorum
1104 945 1180 1009 nihil

106 1051 163 1095 nec
185 1033 306 1112 suscipi
324 1032 389 1094 sine
411 1032 527 1116 ratiope
548 1052 606 1095 nec
628 1029 708 1095 effici
729 1040 840 1113 potest.
881 1030 1001 1094 Utinam
1024 1030 1124 1112 igitur,
1147 1039 1181 1093 ut

105 1117 155 1180 illa
179 1137 255 1179 anus
278 1124 370 1196 optat,
558 1117 561 1123 “
699 1128 705 1133 “
800 1171 809 1213 p
845 1188 852 1207 ἱ

233 1234 275 1247 --
297 1220 335 1263 ne
357 1205 390 1262 in
408 1219 533 1283 amore
555 1199 638 1264 Pilio
660 1200 817 1265 securahttt

235 1306 321 1348 caeso
343 1286 499 1348 decidisset
518 1285 644 1366 dlicqna
665 1286 704 1348 cd
725 1286 850 1352 terrdnt'
863 1283 973 1355 tucher,
1019 1296 1022 1302 “

104 1369 151 1431 sic
173 1370 262 1431 istam
285 1364 476 1442 calliditatem
498 1369 671 1434 hominibus
693 1369 736 1432 dii
758 1388 797 1432 no
819 1365 989 1432 dedissent!
1020 1385 1085 1453 ‚qua
1107 1387 1178 1450 per-

104 1454 193 1533 pauci
216 1453 294 1515 bene
316 1463 455 1528 utuntur,
475 1454 544 1535 Jqui
566 1464 667 1518 tamen
689 1441 750 1535 ipsi
771 1472 863 1535 saepe
884 1472 902 1516 a
924 1452 1002 1515 male
1023 1453 1179 1518 utentibus

108 1538 335 1618 opprimuntur3
382 1535 616 1601 innumerabiles
655 1547 756 1602 autem
793 1537 929 1618 imp'robc
964 1545 1104 1619 utuntur,
1147 1545 1223 1600 ut'x

107 1621 219 1683 donum
270 1623 329 1685 hoc
381 1622 520 1685 divinum·
555 1623 683 1685 rationis
727 1631 758 1685 et
801 1621 921 1685 consilii
965 1622 1001 1685 ad
1044 1621 1181 1686 fraudem

107 1705 297 1781 hominibuS,
340 1725 402 1768 non
443 1708 479 1783 ad
514 1706 694 1773 bonitatem¹
711 1707 896 1788 impertitum
933 1724 1001 1781 esse
1035 1707 1178 1775 videatur.
1192 1704 1236 1779 81

107 1792 167 1852 Sed
195 1791 308 1869 urgetis
328 1791 519 1866 identidem,
554 1792 711 1854 bominum
736 1797 807 1854 esse
836 1792 925 1855 istam
952 1792 1085 1872 culpam,
1117 1804 1225 1856 ncntb

105 1874 248 1937 deorum:
286 1883 319 1937 ut
347 1876 372 1936 si
402 1875 537 1938 medicus
566 1877 740 1955 gravitatem
767 1877 881 1952 morbi,
919 1875 1101 1961 gubernator
1120 1878 1180 1940 vim

107 1960 294 2039 tempestatis
318 1968 455 2022 accuset:
490 1960 547 2022 etsi
576 1960 752 2041 mquidem
774 1961 964 2043 homunculi,
1002 1961 1057 2025 scd
1079 1971 1180 2025 nmen

105 2044 238 2107 ridiculi.
284 2041 358 2118 Quis'
382 2044 461 2105 enim
484 2054 514 2106 te
536 2045 734 2118 adhibuisset,
758 2046 865 2108 dixerit
887 2046 1048 2126 quispiam,
1072 2047 1098 2109 si
1121 2047 1180 2110 ista

106 2148 168 2191 non
192 2120 319 2191 essenti
363 2130 473 2192 Contra
501 2130 589 2191 deum
619 2132 691 2192 licet
713 2130 866 2210 disputare
887 2131 1024 2193 liberius.
1067 2132 1102 2194 ln
1124 2133 1179 2195 hc-

105 2214 219 2275 minum
240 2215 322 2275 vitiis
344 2215 389 2276 ais
411 2233 479 2275 esse
501 2215 632 2294 culpam.
674 2215 747 2276 Eam
776 2216 914 2278 dedisses
936 2214 1110 2278 homiuibus
1131 2235 1180 2278 ra·

105 2298 235 2370 tionem,
270 2318 346 2378 quae
373 2298 444 2359 vitia
475 2299 660 2379 culpamque
681 2299 859 2363 excluderet.
902 2300 959 2363 Ubi
982 2301 1073 2381 igitur
1094 2301 1178 2364 locus
1206 2336 1212 2347 x

105 2382 162 2443 fuit
185 2383 280 2444 errori
303 2379 450 2445 deorum?
492 2383 566 2444 Nam
589 2380 775 2464 patrimonia
794 2386 848 2463 spe
869 2385 948 2448 bene
972 2385 1108 2448 tradendi
1129 2405 1178 2448 re-

107 2467 287 2546 linquimus,
322 2487 378 2548 qua
407 2486 569 2546 possumus
598 2468 675 2529 salli:
714 2468 787 2528 deus
811 2468 873 2530 falli
897 2468 948 2547 qui
970 2467 1090 2549 potuit?
1132 2472 1179 2533 hu

105 2559 139 2612 ut
166 2552 235 2627 Sol,
269 2552 299 2612 in
329 2571 449 2613 currum
478 2571 569 2632 quum
596 2552 812 2613 Phaethontem
843 2552 936 2615 lilium
958 2555 1095 2629 sustulit,
1128 2565 1180 2618 aut

104 2635 277 2716 Neptunus,
312 2657 402 2716 quum
439 2636 576 2717 Theseus
606 2636 798 2717 Hippolytum
825 2638 978 2716 perdidit,
1013 2658 1103 2719 quum
1133 2649 1180 2702 ter

106 2721 229 2799 optandi
263 2740 279 2782 a
307 2723 445 2801 Neptuno
479 2730 562 2801 patre
590 2721 746 2782 habuisset
771 2720 975 2800 potestatem?
993 2724 996 2731 '
1017 2724 1177 2787 Poetarum
1191 2738 1222 2787 tl

107 2803 163 2865 ista
187 2814 270 2879 sunt3
293 2825 349 2866 nos
372 2815 471 2868 autem
492 2805 666 2886 philosophi
689 2805 931 2880 essevolumus,
954 2825 1053 2869 rerum
1076 2818 1179 2871 aucto·
1214 2800 1219 2817 '

107 2906 172 2961 res,
206 2908 266 2949 non
299 2890 476 2952 fabularum.
520 2884 617 2969 htquc
648 2888 680 2951 hi
712 2898 812 2950 tomen
845 2889 904 2968 ipsi
939 2889 980 2950 dii
1009 2894 1120 2970 poetici
1152 2896 1179 2956 si

104 2973 237 3035 scissent
258 2975 430 3053 perniciosa
453 2976 519 3036 fore
541 2976 592 3036 illa
614 2975 698 3042 tiliis,
730 2991 875 3054 peccasse
897 2975 928 3034 in
950 2972 1099 3038 beneficio
1121 2997 1177 3058 pu-

141 3127 182 3176 75.
216 3127 306 3176 lilinum
331 3142 360 3176 ne
383 3131 408 3178 in
433 3145 532 3178 nemore.
570 3128 620 3176 An·
662 3123 706 3177 als
724 3122 849 3182 Theseus,
880 3125 1010 3187 gethuscht
1033 3125 1109 3176 durch
1135 3128 1176 3178 die

106 3192 167 3254 lang
184 3192 231 3241 der
247 3191 430 3243 Ennianischen
448 3193 551 3253 Medea,
577 3210 621 3244 an·
661 3191 880 3255 Verldumdunpen
912 3192 958 3245 der
982 3191 1101 3243 Phaedra
1133 3211 1176 3257 ge-

105 3260 156 3320 gei'.
177 3261 240 3308 auch
259 3259 290 3308 de
307 3259 370 3310 Noto
388 3277 410 3310 c.
433 3264 472 3314 15.
663 3276 710 3323 gen
740 3260 826 3309 seineo
851 3258 917 3310 Sobn
943 3259 1092 3327 Hippolytus
1128 3263 1175 3313 den

141 3344 185 3405 31.
208 3353 247 3401 76.
271 3354 355 3403 Contra
378 3357 445 3405 deum
461 3383 494 3392 -—
512 3359 618 3407 libertus.-
662 3326 763 3395 Nem
780 3328 875 3410 ³³¹4pr
902 3330 987 3392 jenem
1006 3329 1054 3378 Μ
1071 3328 1126 3408 Ἰῖοᾱ
1144 3347 1175 3380 ²¹¹

109 3415 180 3467 Wcil
207 3417 313 3467 udrrrlieh
342 3419 383 3468 dic
409 3424 457 3470 Art
481 3437 529 3471 von
558 3423 619 3472 Ent—
663 3397 750 3459 geben’
772 3413 800 3447 ⁵⁰
819 3396 919 3477 “sume
936 3393 1039 3475 Nepthn
1057 3412 1110 3447 ⁸⁰¹⁰
1129 3397 1176 3448 30‘
1268 3430 1272 3438 “

106 3482 277 3547 εὼυωίἕῃῃε,
294 3485 390 3535 welche
405 3485 546 3548 Menschem
568 3491 618 3541 wie
661 3467 767 3544 gehreu,
800 3465 913 3526 obglerch
939 3479 969 3514 er
991 3465 1032 3514 dte
1051 3464 1176 3516 Unscbuld

107 3551 434 3611 AerzteuudSteuerleule,
456 3554 619 3607 beischlech·
661 3532 706 3583 ‘¹⁰⁸
734 3532 883 3599 H¹PP⁰IYU¹⁸
912 3533 1009 3582 ¹¹⁰¹¹⁰⁰⁰
1028 3532 1088 3597 -und
1121 3533 1174 3583 ³¹⁸⁰

106 3625 156 3667 pem
168 3618 277 3680 'Erfolge
296 3619 365 3669 ihrer
382 3622 558 3684 Bemfihungeu
579 3626 619 3675 ΜΓ
660 3601 831 3650 voraussehen
849 3607 949 3659 musste,
972 3600 1030 3649 dass
1044 3601 1091 3650 deu
1110 3600 1175 3650 The·

107 3667 1175 3750 mfflmmmmeQQmmfflm

106 3754 251 3805 spaqqfinqen
270 3755 344 3805 kann,
660 3735 758 3784 wurde.
796 3735 853 3797 Vgl.
880 3737 910 3786 de
935 3736 1007 3785 Offic.
1029 3735 1046 3794 l,
1070 3739 1108 3793 10,
1131 3738 1171 3789 32.

142 3833 143 3837 ,
191 3852 195 3861 ³
449 3854 454 3863 ,
661 3799 703 3857 lli,
725 3803 766 3858 25,
783 3805 824 3859 94,
845 3819 887 3853 wo
905 3819 937 3852 au
956 3804 1049 3855 diesem
1066 3804 1176 3869 ueispiel

142 3851 245 3899 dedcsses
263 3873 297 3892 =
316 3853 371 3901 dore
385 3852 511 3901 debuisses.
547 3849 573 3899 S.
587 3864 619 3898 zu
662 3868 761 3928 gezquq
786 3870 866 3928 ΝΜ,
901 3871 959 3920 pass
990 3888 1017 3922 es
1043 3872 1176 3923 bjsweflfln

106 3915 125 3973 ¹⁹
147 3915 187 3973 3²⁹
209 3917 250 3966 ⁸9·
662 3934 750 3983 besser
768 3935 818 4005 sei,
850 3936 903 3987 scin
924 3938 1001 3990 Wcrt
1017 3957 1048 3990 zu
1065 3940 1176 3991 bruchen
1265 3952 1268 3957 ·

141 4019 156 4051 c
173 4003 276 4066 Neptuno
293 4009 366 4068 putre.
402 4001 427 4052 ὃ,
444 4017 507 4052 zuc.
521 4003 561 4059 18,
575 4003 615 4053 45.
662 4001 699 4051 als
717 4017 748 4050 zu
767 4000 868 4051 holten.t

143 4087 187 4130 Cic.
200 4090 226 4133 de
238 4090 285 4134 Nat.
298 4091 358 4134 deor.
953 4088 989 4133 ἦ
