2640 4418
327 317 371 369 on
387 315 525 379 narum
542 316 690 369 nnonun.
711 317 774 370 em.
794 317 826 370 11.
847 318 919 372 ear.
936 323 960 374 ι.
1118 315 1177 381 101

103 471 390 548 gezeichnete'diese
402 471 631 549 huszeicbnung
641 471 869 551 hauptstehlich
884 474 937 534 der
951 435 1181 560 Untersttitzuog

103 555 221 633 gdtiger
248 556 350 616 Gdtter
371 563 408 618 zu
434 556 603 625 verdanhen
625 557 727 618 tretten
755 559 962 634 (164-167h
994 558 1105 623 Balbus
1127 564 1180 626 be·
1283 587 1285 592 ’

103 640 245 700 schliesst
257 640 374 701 endlicb
389 640 493 701 seinen
510 641 632 717 Vortrag
645 639 701 700 mit
722 641 776 724 der
787 635 1010 718 Aullorderung‘
1023 663 1060 704 an
1083 647 1178 724 Cotta,

104 723 174 784 dass
197 724 273 786 auch
287 724 329 785 Er
345 724 429 785 seine
452 724 647 785 dialehtisohe
662 718 869 808 Geuandthcit
881 726 940 787 und
954 727 1181 801 Reredsanrheit

102 807 197 868 lieber
219 808 293 869 dazu
316 809 479 870 anwenden
501 813 599 885 mdge,
621 807 705 869 diese
722 808 885 870 Ansiehten
906 829 941 871 zu
963 813 1179 894 vertheidigen,

106 892 149 952 als
173 893 231 953 den
254 892 385 953 Glauben
420 912 457 954 an
481 892 530 954 die
553 891 657 953 Gotter
677 912 714 953 zu
736 891 917 972 behdmplen
940 897 1038 972 (168).

190 1061 274 1134 Quae
297 1079 387 1139 quum
411 1060 496 1120 Cotta
510 1059 645 1130 dixisset,
668 1068 730 1121 tum
744 1059 883 1133 Velleius
905 1061 1046 1140 Naeego‚
1070 1063 1213 1146 inquit,1

103 1143 261 1219 incautus,
303 1144 353 1223 qui
383 1163 450 1204 oum
481 1143 662 1206 Academico
692 1151 721 1204 et
749 1145 854 1205 eodem
884 1145 1005 1207 rhetore
1034 1151 1206 1227 congredit

104 1238 228 1290 conatus
251 1227 323 1289 siml
353 1229 436 1291 Nam,
450 1247 548 1307 neque
570 1228 751 1289 indisertum
772 1227 983 1290 Academicum
1006 1231 1179 1309 pertimuis-

101 1331 176 1392 sem,
214 1332 270 1374 nec
293 1313 358 1373 sine
381 1313 437 1383 ista
469 1312 662 1392 philosophia
684 1314 837 1374 rhetorem
878 1312 1011 1391 quamvis
1035 1315 1178 1395 eloquen-

103 1407 179 1458 tem:
213 1397 414 1475 nequeenim
446 1396 570 1458 flumine
599 1397 763 1458 conturbor
784 1395 918 1457 inanium
941 1392 1099 1459 verborum
1122 1419 1179 1466 uec
1232 1446 1235 1449 -

103 1480 268 1562 subtilitate
290 1482 515 1553 sententiarum,
538 1480 564 1541 si
588 1481 733 1542 orationis
756 1489 802 1541 est
823 1480 955 1542 siccitas.
1001 1482 1045 1542 Tn
1061 1494 1137 1556 ,aute
1162 1482 1165 1487 ’

104 1565 205 1636 Cotta,
228 1573 354 1643 utraque
377 1584 409 1625 re
431 1564 567 1632 valuisti:
607 1581 718 1626 corona
742 1564 795 1625 tibi
818 1572 848 1626 et
870 1565 986 1625 iudices
1009 1566 1134 1630 deluern'
1169 1568 1177 1631 .’

103 1650 162 1709 Sed
187 1648 223 1708 ad
246 1648 304 1708 ista
327 1648 422 1709 aliast
456 1667 536 1711 nunc
557 1648 721 1721 Lucilium,
756 1648 783 1710 si
817 1649 876 1727 ipsi
910 1652 1099 1712 commodum
1123 1661 1177 1728 est,

103 1733 270 1795 audiamus.
314 1733 389 1793 Tum
416 1733 543 1806 Balbus,
577 1732 712 1795 Eundem
746 1733 886 1811 equidem
919 1733 1041 1795 malleni
1074 1736 1207 1800 audiret

104 1818 230 1889 Cottam,
254 1818 333 1890 dum,
357 1836 414 1895 qua
428 1816 599 1895 eloquentia
613 1817 705 1876 salsos
721 1818 795 1877 deos
819 1816 947 1888 sustulit,
972 1819 1077 1878 eadem
1090 1839 1178 1883 veros

103 1903 234 1985 inducat.
279 1901 333 1961 Est
365 1901 444 1961 enim
474 1911 503 1961 et
534 1899 709 1979 philosophi
733 1908 764 1960 et
784 1901 938 1977 pontilicis
962 1908 992 1960 et
1015 1901 1118 1964 Cottae
1141 1905 1178 1965 de

103 1985 162 2046 diis
184 1983 402 2047 immortalibus
431 1984 543 2046 habere
565 2002 626 2044 non
648 1991 798 2045 errantem
821 1991 852 2044 et
872 2001 986 2061 ragam,
1009 1992 1043 2045 ut
1063 1987 1178 2049 Acade-

102 2069 191 2142 mici,
228 2070 291 2143 sed,
324 2068 485 2145 monstri,
514 2069 653 2129 stabilem
675 2076 847 2146 certamque
869 2067 1059 2129 sententiam.
1103 2071 1178 2133 Nam

103 2154 391 2232 eontralEpienrnm
421 2153 501 2239 satis,
531 2172 681 2232 superque
711 2152 903 2215 dictumest.
947 2152 1007 2213 Sed
1030 2173 1102 2215 aveo
1126 2175 1178 2216 an·

103 2239 178 2310 dire,
200 2245 233 2299 tu
256 2238 331 2316 ipse,
346 2238 440 2312 Cotta,
465 2238 536 2316 quid
554 2237 678 2299 sentias.
706 2238 763 2308 hn,
782 2236 890 2315 inquit,
914 2235 1025 2297 oblitus
1039 2256 1082 2308 es,
1105 2239 1177 2319 quid

102 2321 189 2382 initio
213 2321 348 2392 dixerim,
372 2317 489 2381 facilius
512 2341 570 2396 me,
595 2321 702 2382 talibus
720 2320 959 2399 praesertimde
981 2321 1082 2395 rebus,
1106 2324 1178 2402 quid

102 2425 162 2467 non
187 2404 330 2465 sentirem
363 2424 452 2483 quam
485 2405 556 2483 quid
579 2405 860 2490 sentirem„posse
889 2401 1015 2465 dicere?
1060 2406 1205 2480 Quodsi3

101 2488 245 2552 haberem
278 2488 407 2569 aliquid,
441 2489 521 2569 quod
556 2488 835 2568 liqueret„tamcn
864 2495 893 2549 te
915 2487 1050 2550 vicissim
1072 2491 1198 2576 audire·

135 2654 161 2712 1.
184 2660 206 2708 1.
226 2662 317 2708 rhetore
335 2655 377 2704 hir
394 2648 498 2718 oratore,
527 2656 552 2704 in
571 2655 617 2706 der
660 2653 832 2705 derRodonde
849 2653 929 2704 selbst
946 2654 1048 2704 oulden
1059 2654 1176 2708 Wnnsch

102 2725 215 2782 Absieht,
236 2724 284 2774 den
303 2723 378 2773 Cotta
396 2722 433 2773 als
454 2722 618 2785 schulmaissig
659 2721 780 2772 Vcrzicht
796 2722 890 2779 lcistet,
912 2722 944 2771 da
962 2737 992 2772 cr
1008 2723 1094 2781 weiss,
1115 2725 1175 2775 dass

103 2792 246 2854 gebildeten
269 2791 371 2840 Redner
394 2806 425 2839 zu
452 2791 613 2848 bezeichnen,
660 2788 736 2840 Cotta
762 2791 825 2838 doeh
849 2788 998 2839 schwerlich
1024 2790 1050 2838 in
1068 2790 1171 2850 seincm,

102 2860 190 2908 wesin
198 2857 351 2910 oratornicht
362 2856 431 2918 liegt.
453 2856 482 2905 ln
495 2858 618 2919 gleichern
660 2857 704 2907 des
722 2857 867 2913 Redenden,
888 2855 964 2905 Since
982 2856 1046 2905 tiber
1063 2857 1104 2906 die
1115 2857 1176 2909 Got-

105 2925 165 2975 Sinn
175 2925 242 2974 wird
257 2922 389 2973 dasWort
397 2921 468 2972 Brut.
477 2940 499 2973 c.
515 2927 555 2981 76,
566 2927 615 2975 265
659 2931 700 2972 ter
717 2924 839 2988 sprcchen
855 2923 952 2972 werde.
978 2921 1043 2971 Dass
1055 2937 1084 2972 er
1102 2925 1177 2974 nuch-

103 3009 160 3042 vom
175 2992 205 3042 L.
220 2989 365 3056 Torquatus
377 2996 475 3051 gcsagt.
498 2990 574 3040 Sonst
583 2991 618 3040 ist
660 2990 706 3037 her
729 2990 797 3046 doch
824 3007 879 3041 oreo
908 2993 990 3040 audire
1012 2997 1077 3051 sagt,
1109 2991 1176 3042 laun

101 3066 180 3114 rhetor
197 3060 237 3110 ein
255 3057 353 3108 Lehrer
370 3057 417 3106 der
433 3045 564 3106 Rhetorih.
660 3071 706 3105 uns
730 3056 798 3105 nicht
822 3055 874 3105 irre
891 3055 1009 3106 muchan:
1038 3057 1103 3107 deno
1126 3059 1177 3111 wir

137 3126 302 3190 corone„oin
320 3124 477 3176 zahlreicher
493 3123 619 3174 Zuhdrer-
661 3123 752 3173 diirlen
776 3122 821 3172 dus
845 3122 883 3172 als
910 3123 966 3173 cine
990 3125 1038 3174 Art
1059 3140 1109 3175 von
1126 3125 1177 3176 Zu-

103 3191 182 3252 kr'cis,
201 3194 252 3244 wie
271 3209 300 3244 cr
313 3193 355 3243 bei
369 3191 619 3255 geriebtlichenVer·
660 3191 813 3241 rriclmahme
837 3191 883 3240 der
908 3190 1027 3241 srdhercn
1044 3191 1176 3245 Vcrzicbt-
1276 3204 1278 3208 ’

103 3261 263 3324 handlungen
286 3260 492 3311 umbemustehcn
514 3262 616 3326 pllegte.
660 3257 771 3320 leistung
807 3258 925 3308 onsehon.
979 3258 1173 3324 Ebensowenig,

103 3329 161 3392 Vgt.
183 3330 214 3378 de
232 3328 303 3378 Finn.
317 3327 348 3386 ll,
366 3330 406 3386 22,
428 3331 475 3380 tt:
496 3337 519 3380 ol
537 3337 562 3380 tu
579 3346 619 3379 ec·
661 3326 720 3378 dass
739 3331 909 3388 dunt-inducet,
929 3325 997 3376 nicht
1013 3331 1177 3380 dum-indure-

105 3402 157 3450 dem
175 3402 212 3448 die
229 3401 255 3447 r'u
271 3399 374 3459 iudicio,
396 3405 452 3459 out,
472 3401 493 3448 si
511 3412 619 3448 coronam
660 3397 695 3446 r'et
713 3393 760 3443 uui
773 3397 864 3445 mollem
878 3392 960 3455 'lolgtr
984 3394 1049 3443 dcun
1067 3393 1177 3456 dergici-

103 3470 178 3527 timer,
199 3467 237 3515 dic
258 3467 284 3513 r'u
300 3472 388 3514 cerroto.
408 3463 479 3513 Brut.
495 3465 535 3520 51,
554 3463 616 3513 teta
661 3461 723 3510 chen
741 3459 825 3510 hleine
842 3459 1059 3525 lucensequcnzeu
1077 3461 1133 3511 sind
1150 3461 1177 3512 in
1279 3499 1281 3503 .

104 3537 130 3583 in
148 3536 181 3583 eis
200 3535 268 3582 etiem
286 3535 383 3593 eastreia,
401 3535 427 3582 r'n
444 3535 528 3597 quibus
542 3534 619 3582 'omnir
663 3528 710 3579 der
726 3527 1176 3600 familiarenUnterhaltungssprucbe

87 3614 142 3650 'res
160 3602 228 3650 nebia
246 3615 296 3649 curn
312 3600 429 3650 iudicibus
447 3606 489 3661 ert,
508 3616 555 3649 noa
569 3614 621 3650 oum
663 3593 731 3645 wohl
758 3594 919 3645 verzeihlich.
956 3594 1014 3657 Vgl.
1044 3595 1075 3644 de
1102 3595 1173 3647 Fine.

104 3668 205 3733 populo,
232 3669 367 3726 tomer,.rr'
391 3682 509 3718 corrone
526 3668 621 3717 relictus
664 3660 683 3720 l,
704 3666 728 3721 l,
743 3664 790 3715 25:
811 3669 832 3715 si
851 3667 1019 3724 concederetur,
1040 3661 1130 3714 etiamsi
1148 3668 1180 3716 ed

107 3738 159 3795 einr,
178 3751 226 3784 uon
244 3749 324 3798 queam
342 3735 425 3782 dicere.
665 3749 748 3797 corpus
758 3735 818 3784 nihil
830 3737 952 3794 reseretur,
971 3733 1019 3779 isto
1033 3747 1076 3795 per
1093 3747 1117 3781 se
1129 3747 1180 3782 erae

139 3804 170 3852 od
194 3803 241 3851 isto
265 3802 324 3849 elios
357 3795 411 3847 scil.
444 3801 526 3852 diram.
560 3797 619 3860 vgl.
664 3802 785 3850 iucunde.x
809 3794 911 3847 Tnscul.
938 3794 957 3852 l,
984 3797 1025 3855 25,
1052 3798 1099 3848 60:
1132 3802 1181 3849 rice

105 3883 137 3918 zu
157 3866 176 3923 l,
198 3867 222 3925 8,
246 3867 285 3916 19.
379 3926 382 3931 γ
460 3903 463 3909 -
666 3870 744 3919 auimo
761 3867 886 3926 cirotecis
905 3867 935 3914 sr'l
954 3869 1061 3929 unimur,
1080 3869 1181 3918 iurarem

140 3936 165 3986 2.
184 3938 282 3988 mollem.
302 3931 343 3992 So,
367 3931 436 3983 nicht
452 3935 543 3997 malim,
563 3930 624 3982 weil
667 3949 718 3985 eum
735 3949 785 3984 esre
803 3934 913 3983 divinum.
1011 3986 1014 3990 ,

110 4067 119 4095 Ι
