2640 4418
147 333 210 394 222
510 341 553 393 ou
572 339 707 393 Neruas
726 338 872 392 uuonan.

161 497 220 559 diis
253 515 321 557 esse
355 496 522 575 provisum,
559 496 639 574 quod
671 494 754 556 multi
783 513 886 555 eorum
913 494 1062 555 beneficio
1091 513 1236 574 perverse

160 590 332 655 uterentur3
370 581 458 641 etiam
482 579 672 658 patrimoniis
695 579 805 641 multos
834 579 910 639 male
932 579 991 651 uti,
1026 597 1082 640 neo
1105 580 1143 641 ob
1167 601 1236 642 eam

161 684 298 727 caussam
328 684 381 727 eos
413 665 592 727 heneficium
626 684 643 725 a
669 664 805 749 patribus
835 663 948 724 nullum
975 663 1098 725 habere.
1131 665 1235 738 ..Quis-

162 769 289 830 quamne
312 750 389 810 istuc
413 746 526 826 negat?
563 760 613 810 aut
642 767 718 827 quae
741 748 839 810 estin
863 747 1024 809 collatione
1046 748 1104 809 ista
1127 749 1234 811 simili-

162 832 257 896 tudo?
300 834 362 894 Nec
390 833 471 895 enim
498 833 619 894 Herculi
641 833 780 894 Deianira
810 850 920 893 nocere
950 832 1055 905 voluit',
1090 851 1182 910 quum
1203 853 1232 897 er

160 919 291 979 tunicam
315 919 460 996 sanguine
483 918 623 998 Centauri
647 917 770 978 tinctam
791 916 890 978 dedit:
914 935 971 977 nee
992 919 1139 995 prodesse
1154 918 1233 980 Phe-

160 1021 231 1064 raeo
254 1003 355 1063 Iasoni
377 1003 419 1075 is,
449 1003 500 1081 qui
523 1003 621 1079 gladio
643 1002 789 1062 vomicam
820 1002 885 1062 eius
908 1001 1043 1079 aperuit,
1072 1019 1160 1079 quam
1184 1022 1234 1064 sa-

160 1105 233 1148 nare
261 1086 371 1149 medici
400 1106 460 1147 non
490 1094 658 1169 potuerant.
702 1086 785 1147 ltlulti
815 1086 896 1147 enim
924 1094 967 1158 et,
1003 1103 1094 1164 quum
1123 1087 1233 1150 obesse

158 1172 284 1245 vellent,
314 1172 491 1250 protuerunt
512 1177 555 1244 et,
585 1189 675 1249 quum
697 1171 860 1249 prodesse,
889 1169 1059 1232 obfuerunt.
1103 1170 1233 1234 Itanon
1298 1246 1305 1252 ,

159 1256 193 1317 fit
214 1274 251 1316 ex
272 1275 323 1328 eo,
354 1257 558 1334 quoddatur,
587 1264 620 1316 ut
647 1255 783 1315 voluntas
812 1254 875 1314 eius
912 1254 976 1332 qui¹
993 1254 1110 1316 dederit
1138 1274 1232 1336 appa·

158 1349 242 1413 reat3
265 1359 321 1401 nee
344 1340 370 1400 si
393 1342 437 1413 is,
471 1340 523 1418 qui
552 1340 684 1418 accepit,
716 1338 794 1399 hene
822 1338 929 1410 utitur,
963 1338 1076 1399 ideirco
1100 1339 1142 1412 is,
1177 1342 1229 1420 qui
1265 1362 1273 1379 ·

116 1434 144 1484 u
158 1424 254 1498 dedit,
283 1424 378 1487 amice
401 1424 493 1486 dedit.
539 1424 622 1496 Quae
645 1422 726 1484 enim
747 1422 857 1495 libido,
887 1441 962 1501 quae
984 1423 1121 1496 avaritia,
1150 1427 1233 1503 quod

158 1509 275 1570 facinus
309 1517 359 1570 aut
392 1508 490 1573 scelus
519 1506 683 1585 suscipitur
709 1508 767 1568 nisi
797 1507 926 1568 consilio
954 1517 1057 1586 capto,
1091 1518 1142 1570 eut
1163 1510 1231 1571 sino

159 1594 250 1654 animi
273 1602 357 1659 motu
380 1605 409 1655 et
431 1591 628 1670 cogitatione,
660 1591 689 1652 id
713 1600 760 1652 est
781 1592 910 1662 ratione,
934 1590 1111 1671 perficitur?
1154 1594 1231 1656 Nam

158 1679 256 1738 omnis
280 1678 382 1756 opinio
405 1677 482 1737 ratio
506 1684 565 1750 est,
589 1675 762 1755 etquidem
785 1676 863 1737 hona
886 1677 972 1750 ratio,
996 1677 1022 1736 si
1044 1696 1113 1738 vera
1122 1675 1138 1750 ,ξ
1152 1679 1231 1739 mala

158 1768 272 1836 autem,
295 1762 323 1823 si
345 1762 418 1823 falsa
442 1770 488 1822 est
511 1761 624 1840 opinio.
669 1760 728 1820 Sed
745 1780 768 1825 ,a
792 1762 848 1821 deo
871 1768 985 1821 tantum
1008 1762 1153 1838 rationem
1175 1763 1231 1823 ha-

120 1899 122 1904 ,
156 1845 279 1918 hernus,
314 1846 339 1906 si
363 1847 452 1907 modo
474 1845 635 1917 hahemus,
669 1843 779 1905 honam
807 1854 905 1905 autem
927 1845 1073 1906 rationem
1096 1854 1232 1909 autnon

157 1930 268 1991 honam
290 1950 306 1991 a
329 1931 428 1991 nobis.
472 1931 537 1990 Non
561 1930 655 1999 eninr,
679 1936 711 1989 ut
732 1928 945 2007 patrimonium
968 1929 1160 2008 relinquitur,
1184 1933 1231 1994 sic

155 2014 233 2076 ratio
256 2014 370 2075 homini
401 2023 447 2074 est
475 2014 622 2074 beneficio
654 2012 778 2074 deorum
801 2014 879 2075 data.
925 2014 1002 2086 Quid
1025 2016 1105 2076 enim
1128 2015 1230 2093 potius

155 2099 329 2160 hominibus
363 2099 532 2170 dedissent,
566 2098 592 2158 si
622 2096 660 2156 iis
688 2115 797 2158 nocere
825 2095 1015 2159 voluissent?
1060 2099 1258 2174 Iniustitiae,

157 2192 269 2256 autem,
291 2181 549 2265 intemperantiae,
572 2181 739 2242 timiditatis
762 2200 837 2260 quae
860 2181 975 2243 semina
998 2192 1107 2255 essent,
1131 2183 1157 2244 si
1179 2184 1228 2246 his

100 2263 144 2334 29
159 2266 240 2327 vitiis
272 2266 348 2328 ratio
378 2286 440 2328 non
465 2263 629 2327 subesset?
672 2266 776 2327 Medea
804 2267 892 2327 modo
916 2274 947 2327 et
966 2267 1073 2328 Atreus
1096 2285 1228 2330 comme·

104 2422 108 2426 ,
156 2351 349 2413 morabantur
376 2371 391 2412 a
421 2351 526 2423 nohis,
561 2349 701 2412 heroicae
728 2369 890 2429 personae,
919 2350 992 2412 inita
1020 2351 1228 2431 subductaque

16 2446 18 2452 “
113 2446 142 2496 72
156 2436 273 2517 ratione
296 2436 410 2496 nefaria
433 2435 547 2506 seelera
570 2435 759 2496 meditantes.
793 2432 896 2508 Quid?
917 2435 1052 2497 levitates
1069 2434 1228 2498 comicae?

154 2538 299 2598 parumne
327 2539 447 2599 semper
475 2520 506 2580 iu
535 2519 650 2581 ratione
679 2519 857 2581 versantur?
900 2520 1048 2582 Parumne
1077 2521 1229 2584 subtiliter

84 2624 88 2633 ’
155 2604 288 2682 disputat
309 2603 359 2664 ille
382 2604 412 2665 in
434 2601 602 2664 Eunucho?
635 2634 643 2641 ·
681 2681 684 2687 ¹
976 2636 983 2643 -·

192 2699 282 2792 Quid
304 2723 400 2801 tpitur
421 2719 558 2799 faciam?
582 2753 619 2762 -.
642 2700 683 2764 4

196 2805 349 2878 Exclusit,
374 2815 511 2868 revocat:
534 2803 679 2867 addeum?
722 2804 806 2875 Non,
828 2808 857 2864 si
876 2823 922 2865 me
946 2806 1090 2885 obsecret.

63 2941 73 2962 ⁹
153 2939 206 3001 llle
228 2958 298 3000 vero
322 2938 563 3018 in·Synephebis
584 2938 831 3000 Academicorum
849 2958 942 3011 ,more
965 2949 1068 3002 contra
1091 2959 1227 3003 commu·

153 3043 222 3108 nem
244 3023 421 3103 ppinioncm
447 3042 508 3100 nop
531 3023 646 3085 dubitat
672 3039 806 3109 pugnare
828 3024 960 3098 ratione,
995 3024 1045 3103 qui
1068 3028 1226 3089 inumera

153 3126 267 3169 summo
290 3127 461 3189 summaque
483 3111 594 3187 inopr'a'
610 3126 703 3169 succe
726 3127 790 3193 esse
812 3109 894 3182 dicit,

189 3282 244 3344 28.
268 3298 392 3340 uterentur.
430 3289 565 3340 Correctcr
593 3292 666 3340 wire
709 3306 776 3340 muss
794 3289 847 3340 sich
865 3289 997 3347 erinnem.
1026 3291 1084 3342 dass
1108 3297 1168 3345 ratio
1187 3293 1224 3343 ei-

76 3405 82 3410 .
153 3365 256 3409 utentur.
293 3354 351 3418 Vgl.
370 3355 432 3405 aber
454 3373 486 3406 zu
508 3356 527 3415 l,
554 3358 593 3415 22.
622 3360 663 3411 61.
709 3357 816 3420 gentlieh
835 3357 897 3406 euch
916 3374 963 3408 nur
981 3359 1143 3410 donActdes
1156 3359 1224 3410 Den-

187 3428 285 3477 Phemeo
303 3427 389 3476 losoni.
406 3424 666 3478 Dichsehichtehci
708 3424 784 3482 lens,
822 3424 980 3476 Berechnons
1006 3427 1138 3485 hedoutct,
1173 3430 1225 3485 und

154 3488 240 3542 Volcr.
260 3489 329 3541 Max.
355 3490 374 3551 l,
403 3494 425 3552 8,
454 3494 476 3552 2,
505 3495 534 3544 6:
568 3496 665 3544 Divinae
708 3492 767 3541 dass
785 3491 826 3542 die
844 3493 938 3544 andere
954 3494 1101 3557 cedentum
1118 3495 1239 3555 ‚.Ver-'

153 3566 259 3625 fortunae
281 3563 364 3612 colores
387 3562 485 3613 Pheraeo
508 3563 587 3612 losoni
612 3564 678 3625 poi,
707 3559 817 3618 uunlt,
850 3560 1148 3626 llenhvermdgen‘*⁴
1175 3578 1225 3616 nur

110 3690 119 3698 ἢ
155 3631 208 3678 dom
225 3630 292 3678 esitii
310 3633 359 3679 eius
378 3633 475 3694 cupidus
492 3630 578 3677 intulit.
607 3629 666 3679 Nam
707 3641 752 3677 aus
767 3627 843 3691 jener
860 3630 1083 3693 hervorgegan'gcn
1100 3630 1142 3680 ist.
1210 3636 1213 3641 '

153 3711 222 3759 quum
244 3697 303 3744 inter
325 3700 433 3758 insidios-
448 3698 525 3758 pladio
545 3711 595 3745 eum
610 3704 680 3760 per-'
741 3691 793 3751 29.
812 3698 853 3747 72.
882 3701 985 3750 levitates
1010 3702 1116 3761 conticui,
1134 3699 1168 3747 ·d.
1195 3701 1220 3749 h.

153 3765 271 3824 euasisset,
290 3768 407 3824 rumicen,
428 3779 486 3827 puae
503 3780 518 3812 a
534 3765 598 3814 nullo
616 3781 664 3813 me·
707 3767 786 3828 patulos
810 3769 835 3815 in
861 3770 986 3817 comoediis
1001 3775 1168 3831 proponuntur.
1195 3795 1219 3805 -

153 3831 256 3880 dieucum
274 3835 353 3881 sanari
368 3837 481 3896 potuerat,
502 3835 535 3880 ita
549 3834 619 3896 rupit,
639 3832 664 3881 ait
706 3829 754 3879 Dic
773 3830 904 3894 folgenden
917 3831 998 3883 Verso
1016 3832 1072 3888 sind
1090 3831 1170 3894 gleieh
1190 3850 1222 3885 zu

152 3898 265 3947 homiuem
279 3901 387 3962 pestifero
404 3900 466 3948 malo
483 3901 599 3950 liberaret.
706 3898 807 3961 Anhang
829 3897 862 3948 iru
886 3899 1021 3950 Eunuohen
1048 3899 1092 3950 des
1110 3897 1221 3952 Terenz.

125 3967 130 3974 '
185 3964 227 4015 71.
254 3969 327 4017 omnis
350 3968 427 4033 opinio
444 3969 504 4017 ratio
528 3976 569 4018 est.
604 3963 663 4016 nan
740 3972 766 4018 in
783 3971 931 4035 Synephebis.
959 3967 985 4018 S.
1006 3983 1037 4017 zu
1055 3965 1074 4025 l,
1095 3970 1118 4025 θ,
1143 3970 1183 4020 13.
