2640 4418
470 315 825 387 instrueremus
1110 323 1171 385 129
1249 340 1251 347 ·

101 488 227 573 opinor,
251 508 404 560 erravero,
426 488 455 569 si
479 508 496 550 a
519 488 657 568 principe
674 488 904 566 investigandae
925 488 1059 550 veritatis
1081 488 1169 551 buius

102 575 317 656 disputationis
341 574 530 654 principium
567 575 689 635 duxero.
733 573 813 635 Zeno
830 573 938 652 *igitur
969 582 1105 636 naturam
1127 566 1168 636 tta
1182 570 1228 642 22

100 662 216 734 definit,
239 665 273 722 ut
292 678 356 722 eam
379 659 459 721 dieat
479 659 579 737 ignem
602 656 901 732 esse'artiti'eiosum,
930 659 968 720 ad
989 658 1170 738 gignendum

103 745 344 826 progredientem
366 744 423 805 via.
454 743 563 806 Censet
584 746 662 809 enim
685 742 906 805 artis-maxime
926 744 1082 825 proprium
1104 762 1173 806 esse
1216 801 1218 807 ,

102 848 207 893 creare
229 841 259 890 et
286 829 422 908 gignere,
456 829 596 907 quodque
629 827 661 888 in
694 827 836 907 operibns
873 835 1042 890 nostrarum
1065 828 1174 891 artium

102 934 209 976 manus
231 914 351 987 efficiat,
373 912 403 973 id
426 913 519 973 multo
542 911 734 974 artificiosius
748 920 892 973 'naturam
911 913 1040 986 efficere,
1063 913 1094 974 id
1117 921 1172 989 est,

103 1009 136 1062 ut
169 999 239 1072 dixi,
273 999 371 1077 ignem
405 997 609 1070 artificiosum,
642 998 817 1075 magistrum
850 997 957 1058 artium
980 996 1181 1077 reliqnarnms

103 1087 200 1164 Atque
222 1085 277 1146 bac
300 1082 419 1163 quidem
442 1082 559 1144 ratione
582 1083 678 1143 omnis
701 1090 806 1144 natura
828 1081 990 1144 artificiosa
1014 1094 1069 1156 est,
1093 1084 1174 1162 quod

103 1170 194 1231 babet
216 1168 301 1248 quasi
314 1167 392 1229 viam
406 1167 555 1247 quandam
577 1175 607 1228 et
629 1174 751 1240 sertem,
776 1184 864 1246 quam
876 1170 1028 1246 sequatur.
1071 1167 1171 1246 Ipsius
1186 1177 1217 1229 58

104 1253 310 1325 veremundi,
350 1252 400 1332 qui
434 1253 532 1313 omnia
556 1252 713 1331 complexu
745 1269 800 1312 sno
838 1259 958 1312 coercet
977 1259 1009 1312 at
1030 1252 1174 1326 eontinet,

105 1348 210 1399 natura
242 1356 307 1398 non·
327 1337 488 1399 artificiosa
512 1336 625 1409 solnm,
659 1337 711 1398 sed
748 1336 837 1415 plane
868 1335 974 1397 artifex
1002 1336 1048 1404 ab,
1068 1337 1175 1399 eodem
1238 1374 1242 1385 ι

103 1423 225 1484 Zenone
244 1420 362 1496 dieitur,
378 1421 541 1484 consultrix
555 1430 584 1482 et
596 1421 720 1500 provida
732 1421 891 1494 utilitatum
902 1420 1175 1504 opportunitatum-

106 1514 165 1583 que
177 1505 330 1579 emnium.
374 1500 471 1585 Atque
491 1519 524 1567 ut
546 1516 663 1567 ceterae
677 1515 801 1568 naturae
813 1506 878 1568 suis
894 1504 1061 1568 seminibus
1085 1523 1175 1584 quae-

106 1609 166 1667 que
200 1590 376 1666 gignuntur,
410 1598 588 1667 augescunt,
623 1591 821 1666 continentur,
854 1591 905 1652 sic·
935 1599 1040 1652 natura
1071 1589 1176 1652 mundi

106 1691 212 1734 omnes
245 1682 344 1734 motus
377 1673 468 1749 babet
497 1675 680 1736 voluntarios
707 1684 891 1756 conatusque
913 1683 944 1737 et
965 1675 1175 1756 appetitiones,

106 1777 182 1837 qtras
204 1749 310 1841 ὁρμάς
331 1758 435 1837 Graeci
457 1768 580 1834 vocant,
613 1760 711 1821 ethis
734 1758 952 1839 consentaneas
974 1760 1108 1822 actiones
1131 1761 1178 1821 sio
1218 1820 1229 1829 ,

106 1843 230 1904 adhibet
251 1853 284 1903 ut
294 1843 482 1923 nosmetipsi,
505 1844 555 1922 qui
573 1844 680 1904 animis
698 1861 852 1905 movemur
867 1852 897 1904 et
914 1844 1064 1906 sensibus.
1093 1845 1176 1905 Talis

107 1927 198 2005 igitur
220 1946 304 1988 mens
325 1927 427 1991 mnndi
451 1946 541 2007 quum
563 1929 604 1988 sit
617 1928 656 1989 ob
666 1946 791 2006 eamque
808 1946 950 1997 caussam,
959 1927 1005 1988 vel
1017 1928 1176 2007 prudentia

107 2011 154 2072 vel
175 2011 363 2091 providentia
385 2013 530 2091 appellari
552 2009 633 2074 rente
655 2012 762 2092 possit,
785 2013 909 2086 (Graece
932 2013 1010 2081 enim
1032 2006 1178 2095 πρόνοια

107 2096 246 2174 dieiturz)
261 2097 343 2166 ¹beet
364 2096 553 2176 potissimum
576 2097 714 2177 providet
734 2106 764 2158 et
785 2097 816 2157 in
838 2097 885 2158 his
908 2096 1035 2158 maxime
1057 2110 1104 2159 est
1125 2115 1176 2157 oo·

107 2190 232 2261 eupata,
265 2182 394 2260 primum
418 2194 450 2243 ut
470 2183 598 2244 mundus
632 2201 720 2269 quam
743 2181 917 2262 aptissimus
939 2181 979 2243 sit
1000 2183 1037 2243 ad
1059 2200 1177 2262 perma-

110 2348 205 2396 ienheit
228 2348 274 2397 der
297 2349 409 2400 Gottbeit
428 2331 490 2398 oder
507 2349 553 2398 der
569 2346 621 2398 Na·
663 2348 743 2398 einen
767 2349 941 2399 Einzelwesen
970 2350 1100 2400 wirkende
1124 2347 1176 2413 Nat-
1252 2391 1254 2395 .

109 2423 158 2473 tur,
179 2428 234 2465 was
252 2415 285 2465 im
304 2415 364 2465 Sina
382 2416 542 2467 derStoiker
559 2416 621 2466 Eius
663 2417 787 2475 turkrait,
805 2417 850 2469 ,im
869 2415 1010 2479 Gegeusatz
1036 2433 1116 2480 gegen
1134 2416 1175 2468 die

110 2484 151 2541 ist,
171 2478 287 2544 beginne.
664 2493 747 2536 notum
763 2490 772 2536 i
788 2489 837 2536 sias
855 2491 942 2548 mundi,
964 2486 1004 2535 die
1022 2486 1056 2536 im
1066 2484 1176 2537 Woltall

126 2547 194 2606 22.
215 2556 288 2616 ipnem
314 2556 441 2607 ,esse'nrti
457 2557 545 2604 ciosum
579 2562 621 2604 etr.
664 2503 794 2607 wirkeusfe
814 2551 1023 2607 Gesammtnatur.
1167 2606 1173 2618 ¹,

110 2619 182 2682 Diog.
204 2617 232 2668 L.
253 2617 311 2676 Vll,
335 2621 404 2669 1562·
446 2621 502 2670 οκεῖ
523 2615 553 2669 dt
576 2612 622 2669 αὖ·
698 2621 739 2672 58.
762 2639 812 2677 nen
836 2627 962 2688 artificiosa
989 2627 1032 2674 sot.
1063 2641 1080 2674 s.
1108 2626 1176 2688 plone
1266 2664 1270 2673 .

110 2688 168 2741 τοῖς
197 2688 263 2748 (τοῖς
290 2687 431 2749 Στωϊκοῖς)
458 2682 509 2749 τὴν
537 2682 623 2754 φύσιν
656 2693 756 2755 ortissu.
791 2687 866 2738 Jenes
884 2689 918 2739 ist
935 2689 989 2739 also
1007 2690 1121 2752 weniger
1138 2688 1176 2739 als

109 2745 181 2804 εἶναι
206 2755 259 2823 πῦρ
283 2751 407 2821 τεχνικὸν
430 2749 485 2821 ὁδῷ
511 2753 623 2820 βαδίζον
666 2755 756 2805 dieses.
794 2761 936 2821 artificiosus
962 2757 995 2807 ist
1019 2759 1094 2815 anob,
1121 2772 1177 2807 wer

109 2816 149 2875 eie
166 2820 279 2886 γένεσιν.
306 2822 389 2871 Durob
408 2817 463 2888 tto
480 2820 540 2888 βαδ.
557 2824 622 2874 wird
666 2823 714 2872 viel
746 2822 957 2886 Kunstfertigkeit
988 2824 1082 2875 besitzt
1114 2826 1177 2873 ohne

110 2889 151 2937 eiu
175 2888 368 2952 planmdssiges,
402 2889 457 2938 ein'e
482 2891 631 2941 bestimmte
666 2889 975 2952 gerndeeinvollendeter
989 2892 1115 2949 Kdnstler,
1137 2892 1178 2941 ein

112 2954 236 3016 Riebtung
254 2955 304 3003 fest
323 2955 498 3018 veriolgeudes
515 2957 641 3008 Verfah-.
665 2956 786 3005 Kirnstler
812 2973 860 3005 von
882 2957 1027 3009 Professiou
1043 2976 1086 3008 -zu
1112 2958 1174 3016 sein,

111 3038 157 3072 ren
175 3021 329 3072 bezeichnen
665 3039 720 3072 was
744 3023 864 3073 vielmebr
889 3024 934 3074 der
951 3032 1036 3092 natissa
1053 3027 1099 3084 ist,
1132 3027 1179 3077 der

145 3097 279 3155 magistram
297 3096 380 3143 ortium
396 3093 543 3156 reliquorum.
568 3090 622 3141 Den
665 3091 691 3139 in
708 3090 802 3149 Allem,
823 3106 878 3142 was
896 3108 925 3143 or
942 3096 1036 3156 mactet,
1067 3095 1120 3145 sieb
1139 3094 1178 3146 als

111 3174 144 3206 zu
169 3158 281 3208 *Grunde
320 3157 451 3220 liegendau
488 3156 623 3208 Gedanken
667 3158 786 3227 Kdustler
802 3159 924 3211 bewabrt

71 3226 76 3237 '
112 3226 203 3275 drdekt
220 3225 319 3291 Aptdej.
340 3225 486 3284 demendo,
509 3225 580 3276 Tem.
601 3224 623 3276 ΙΙ
700 3235 726 3279 ot
750 3237 837 3280 eeteros
859 3239 955 3281 natorum
973 3257 1005 3266 -
1024 3256 1055 3266 -
1077 3235 1111 3282 sie
1134 3249 1178 3282 no-

112 3293 324 3359 p.134attenb.
351 3310 379 3344 so
397 3309 456 3344 aus:
482 3297 622 3361 Numquid,
667 3305 720 3347 torn
736 3300 823 3347 mnndi.
863 3300 890 3349 tn
907 3326 939 3335 —
958 3302 991 3349 sia
1009 3297 1098 3347 dienen
1112 3298 1178 3349 niobt

113 3380 153 3413 ore
173 3372 207 3423 te,
237 3360 341 3413 ornatum
358 3372 425 3429 atque
443 3360 573 3415 ordinatum
590 3369 625 3414 ei-
667 3361 721 3412 blos
741 3361 869 3422 Gleiebes,
899 3366 1007 3415 sondern
1031 3367 1093 3416 aueb
1117 3367 1179 3416 Ent-

111 3434 163 3480 dari
179 3437 261 3494 petest,
282 3433 343 3495 qood
359 3448 406 3482 non
423 3437 451 3483 ab
464 3435 538 3496 ipsios
549 3434 624 3493 (mnn-
667 3440 873 3492 gegengesetztes
903 3433 1175 3483 zusammenzustellen.

113 3499 148 3556 di)
167 3500 268 3574 example
287 3501 404 3549 imitatura
421 3503 451 3550 sit
469 3503 545 3550 satiet
568 3497 623 3548 Alle
666 3496 729 3547 Wie
753 3498 793 3547 die
817 3497 900 3550 Natur
931 3501 977 3551 der
1002 3500 1177 3550 Einzelwesen

113 3561 295 3613 kdnsderrsebe
304 3562 449 3626 detigkeit
459 3566 493 3616 ist
509 3566 549 3616 ein
568 3581 624 3616 ver·
666 3564 796 3627 gebunden
828 3567 876 3616 und
902 3568 1006 3630 bedingt
1033 3569 1067 3618 ist
1100 3569 1178 3618 dureb

113 3631 251 3692 ndnstiges,
288 3631 467 3698 planmdssiges
498 3633 620 3693 Sebaffen,
666 3633 1027 3697 ibresemine,ibre1(eime,
1054 3636 1079 3683 in
1098 3636 1178 3687 denen

112 3700 175 3748 naeb
206 3698 261 3748 dem
288 3699 407 3749 Vorbilde
434 3701 480 3751 der
505 3702 623 3759 verubus·
666 3701 741 3751 soban
754 3700 810 3750 das
835 3700 926 3752 Gesetz
949 3703 1018 3752 ihrer
1035 3702 1179 3754 Eutwieke·

113 3765 150 3828 tig
183 3767 233 3816 und
273 3764 425 3834 planmissig
465 3769 622 3820 sebaffendeu
665 3769 729 3831 lung'
742 3769 853 3830 gegeben
871 3769 917 3819 ist:
939 3787 965 3820 so
985 3770 1048 3832 felgt
1065 3772 1178 3835 dagegen
1242 3811 1251 3834 ,

113 3831 196 3885 Natur
667 3837 707 3886 die
734 3836 935 3888 Gesamnrtnatur
969 3838 1038 3889 ibrer
1073 3840 1181 3902 eigenen

146 3908 220 3956 omnis
230 3912 329 3971 notare:
339 3903 431 3967 jedeia
442 3903 531 3967 irgend
544 3905 624 3955 einem
667 3905 747 3954 ireien
772 3906 821 3956 und
847 3904 1023 3970 vernunstigen
1051 3908 1180 3958 Selbstbe-

109 3967 199 4028 Tbeile
233 3971 278 4021 der
300 3968 374 4021 Welt
396 3972 459 4029 oder
484 3971 510 4021 in
536 3971 624 4035 irgend
668 3974 808 4036 stimmung.

152 4059 197 4102 Cic.
209 4060 235 4103 de
246 4059 293 4103 Nat.
304 4060 364 4105 deor.
969 4061 984 4111 9

926 4191 952 4242 ⁴*
