2640 4418
420 333 423 337 ·
496 324 830 378 mutuemini
1138 314 1198 380 113

132 479 232 553 Nibil,
262 479 373 559 inquit,
405 479 484 558 qood
511 481 604 540 enimi
631 478 765 559 quodque
792 481 921 540 notionis
949 488 993 540 est
1015 489 1140 559 eotpers,
1168 481 1200 541 id

130 573 281 646 penetore‘
303 581 342 624 en
356 579 388 625 se
398 572 502 642 potest
517 566 697 644 animantem
713 574 931 645 compotemque
946 566 1085 625 rationis.
1109 563 1201 626 Mem-

134 646 189 710 doe'
212 659 312 711 notem
325 647 455 727 'peneret
477 650 645 729 animantes
663 640 867 728 compoteeq‘m
883 650 1022 710 notionis.
1056 651 1200 710 Anemone

132 744 180 803 est
201 733 296 814 ipitur
310 733 440 793 mondus
464 728 638 810 eomp'osqoe
660 735 799 792 rationis
829 731 973 810 Idemque
994 730 1199 805 similitudine,
1258 803 1261 815 ι

134 828 167 878 ut
190 834 280 896 saepe
308 817 401 889 solet,
430 814 575 875 rationem
591 813 752 893 ¹conclusit
772 814 831 875 hoo
853 815 958 876 modo:
992 814 1092 887 Siten
1120 817 1201 878 olivo

98 943 101 946 «
135 901 286 977 modulate
314 911 451 962 ememtes
480 896 571 959 'tibiae
598 910 817 974 noeeerentm,
845 917 919 961 num
947 900 1100 961 debitores
1128 905 1201 982 puin

98 1006 103 1017 ’
133 990 246 1048 inesset
267 988 300 1046 in
322 984 403 1047 olivo
426 983 554 1045 tibicinii
574 982 719 1065 quaedem
741 981 891 1044 seientia?
916 983 1012 1057 Quot,
1036 988 1064 1044 ei
1080 984 1203 1064 platoni

131 1068 273 1149 pidteeeioe
295 1071 417 1148 ferrmt
433 1064 597 1128 'numerose
621 1065 790 1148 sonantes?
817 1068 893 1128 idem
919 1066 1033 1128 scilieet
1055 1086 1199 1141 censeres,

120 1159 165 1215 ‘in
182 1152 320 1233 pietonis
342 1157 441 1213 inesse
461 1154 614 1233 musicem.
649 1148 711 1212 Coo
733 1155 827 1230 ipttor
840 1152 971 1212 mondus
986 1169 1049 1212 non
1064 1157 1201 1214 enimenta

132 1242 313 1318 sapiensque
334 1238 500 1306 indicetur,
534 1254 624 1315 qinom
645 1253 684 1296 em
706 1254 737 1296 se
759 1248 905 1315 procreet
927 1239 1091 1297 animantes
1114 1245 1202 1316 otqoe

133 1318 312 1402 sopientes?
326 1321 385 1382 Sed
402 1319 541 1398 quoniam
558 1319 644 1397 coepi
657 1338 744 1381 secus
756 1337 845 1398 agere
856 1328 945 1398 atque
955 1317 1041 1378 initio
1052 1319 1197 1379 dixeram:
1214 1315 1235 1384 9

125 1409 288 1482 ¹(uegetam
305 1403 391 1466 enim
420 1404 498 1464 hane
528 1403 652 1481 primam
680 1411 793 1482 partem
822 1422 908 1481 egere
937 1403 1087 1475 oratione,
1121 1404 1244 1481 quodne

135 1497 217 1548 esset
241 1488 379 1549 omnibus
402 1487 610 1566 perspicuum,
638 1488 711 1548 deos
735 1493 831 1565 essm)
854 1496 952 1550 temen
981 1488 1010 1547 id
1033 1487 1131 1566 ipsum
1154 1505 1225 1557 tm,

139 1570 272 1632 tionibus
301 1571 434 1651 physicis
463 1571 640 1631 confirmare
668 1571 745 1631 volo.
789 1572 841 1634 Sie
869 1573 948 1633 enim
976 1590 1025 1632 res
1049 1570 1203 1643 sehabet,

136 1655 170 1717 ut
192 1655 302 1730 omnis,
326 1673 402 1734 quae
424 1654 541 1716 alentur
562 1664 592 1715 et
614 1661 759 1736 oresoant,
783 1657 954 1717 contineant
977 1656 1006 1716 in
1030 1674 1062 1717 se
1077 1655 1135 1715 vim
1154 1673 1203 1715 ea-

136 1739 224 1802 loris:
248 1740 314 1801 sine
331 1758 387 1819 qua
411 1756 508 1818 neque
523 1738 563 1800 ali
578 1744 704 1816 possent
718 1757 815 1817 neque
832 1758 976 1801 erescere.
1012 1739 1088 1800 Nem
1104 1756 1202 1812 omne,

135 1823 216 1903 quod
241 1826 288 1885 es't
309 1822 446 1884 calidum'
459 1830 490 1882 et
510 1823 641 1900 igneum,
663 1822 759 1883 cietur
774 1832 804 1884 et
818 1823 914 1900 agitur
929 1831 1011 1885 motu
1027 1843 1098 1895 suo,
1122 1822 1203 1901 quod

109 1917 236 1976 sautem
259 1907 347 1969 alitur
369 1919 399 1967 et
420 1906 650 1986 erescit,molu
673 1907 800 1984 quodam
823 1906 916 1967 utitur
938 1915 1019 1967 certo
1042 1915 1207 1984 eiusque«

134 1992 204 2065 bili,
236 1992 287 2071 qui
316 1990 458 2072 quamdiu
481 1998 616 2051 remanet
644 1989 674 2050 in
699 1988 801 2064 nobis,
830 1990 944 2051 tamdiu
964 2008 1071 2051 sensus
1095 1999 1125 2050 et
1143 1990 1205 2077 sita

118 2085 287 2151 .remsnet;
321 2075 496 2152 refrigerato
528 2082 625 2135 eutem
655 2082 686 2134 et
715 2074 861 2136 exstineto
889 2075 1003 2147 calore,
1038 2073 1204 2134 occidimus

137 2161 197 2240 ipsi
221 2169 250 2222 et
272 2159 496 2238 exstinguimur.
541 2159 628 2238 Quod
651 2158 771 2236 quidem
794 2158 1021 2237 Cleanthesebis
1044 2157 1132 2219 etiam
1156 2175 1203 2218 ar·
1217 2165 1248 2215 24

136 2245 288 2322 gumentis
317 2245 420 2315 docet,
453 2246 561 2321 qua'nte
591 2242 635 2302 vis
664 2242 737 2303 insit
765 2244 873 2304 caloris
894 2243 933 2303 ‘in
956 2242 1036 2303 omni
1060 2260 1204 2320 corpore:
1283 2256 1286 2263 ’

137 2337 226 2408 negat
255 2328 334 2388 enim
361 2327 454 2388 ullum
483 2345 550 2386 esse
580 2326 679 2386 cibum
709 2338 768 2386 tem
799 2345 931 2403 gravem,
962 2326 1033 2404 quin
1056 2326 1082 2385 is
1105 2326 1154 2385 die
1176 2330 1207 2385 et

138 2424 227 2475 noete
249 2420 468 2490 consequentum
497 2410 582 2470 euius
613 2409 703 2470 etiem
732 2410 762 2470 in
786 2410 922 2489 reliquiis
951 2409 1031 2472 inest
1052 2409 1135 2474 ealon
1156 2407 1204 2482 iis,

137 2597 202 2646 odor
219 2591 425 2658 Argumentation
444 2606 502 2649 uus,
529 2592 650 2642 wodureb
692 2593 789 2645 ibulioh
816 2593 872 2644 dem
895 2609 927 2644 zu
944 2592 963 2651 l,
986 2588 1024 2652 lb,
1046 2594 1078 2644 38
1102 2590 1205 2657 bespen-

139 2663 307 2714 maudndern
326 2660 367 2711 die
378 2658 651 2723 Zustimmnnggleioh-
692 2664 795 2714 elenen.
816 2661 887 2712 Denn
905 2663 967 2712 auch
986 2661 1041 2710 hier
1058 2656 1209 2709 deuectum

138 2745 193 2780 sam
217 2730 342 2792 abdringt.
388 2727 421 2778 So
448 2727 479 2776 de
504 2726 575 2777 utun.
604 2726 646 2785 lV,
692 2730 794 2781 Relativ
811 2731 859 2780 aul
876 2730 920 2779 das
938 2726 1149 2790 Voshergehende
1167 2722 1207 2786 ala

138 2801 180 2856 48,
202 2800 248 2848 ‘t'tz
269 2805 350 2861 ornent
367 2803 441 2845 tomen
458 2804 478 2846 et
495 2799 555 2845 nibil
571 2800 651 2846 remit·
694 2799 785 2863 objeeet
802 2813 850 2847 vou
869 2802 946 2859 docet,
972 2795 1075 2845 woruuf
1089 2789 1205 2842 desselbe

137 2874 205 2917 tunt:
231 2878 273 2912 wo
296 2877 346 2911 von
373 2860 420 2909 der
445 2860 652 2922 Argumentetlon
694 2882 742 2914 nun
761 2866 822 2914 decb
840 2864 865 2912 in
883 2863 992 2912 anderen
1008 2863 1081 2911 Fomn
1099 2858 1206 2918 uuehse-

139 2933 186 2981 der
209 2929 311 2980 Stoiker
334 2927 374 2976 die
397 2925 468 2975 liede
491 2926 537 2984 ist,
573 2921 652 2977 durch
693 2931 783 2981 braeht
798 2930 873 2980 wind.
911 2929 968 2990 Vgl.
989 2929 1020 2978 de
1038 2927 1108 2977 utun.
1129 2924 1158 2981 ll,
1177 2925 1201 2981 4,
1257 2928 1259 2932 ⁴

138 2999 180 3049 die
205 2996 242 3047 sie
266 2995 307 3047 die
324 2991 496 3054 Zustimmuug
518 3008 549 3041 zu
573 2992 652 3042 ihrem
696 3001 740 3049 12:
776 3002 840 3056 Quod
864 3002 934 3048 vestri
957 3000 1048 3061 quidem
1070 2997 1106 3044 oet
1123 2995 1206 3059 optime

139 3067 216 3117 salz:
249 3068 326 3116 omnio
340 3068 435 3129 peeeoto
451 3064 518 3125 perio
545 3059 652 3127 Qfflwiss·
696 3069 826 3131 disputent,
846 3066 905 3115 nibil
923 3081 980 3130 opos
998 3080 1048 3113 esse
1072 3078 1136 3122 eom,
1166 3062 1206 3125 oui

140 3149 188 3197 gen
205 3131 317 3182 wollten.
338 3157 370 3166 —
389 3126 458 3177 Auch
477 3125 517 3175 die
536 3125 652 3188 folgende
689 3140 786 3197 tuturos
805 3134 1015 3197 eitpbiloeoptms,
1042 3133 1100 3182 seire
1118 3131 1205 3179 literas.

140 3195 422 3263 Argumentationem
451 3192 480 3244 Z.
513 3195 581 3244 steht
608 3194 654 3244 mit
696 3197 770 3249 Corn.
783 3196 853 3265 Nep.
873 3197 950 3248 Attio.
970 3213 991 3247 e.
1014 3197 1058 3248 18:
1083 3199 1207 3260 mopietro·

139 3268 227 3318 seinse
250 3265 355 3328 sigeum
379 3260 490 3313 Worlefl
512 3260 553 3311 bei
580 3260 649 3311 Sexi*
696 3276 737 3319 tos
750 3284 828 3319 eornm
851 3284 897 3318 non
920 3269 1017 3331 emplius
1039 3267 1115 3333 qumis
1133 3264 1206 3313 oetei-

141 3335 234 3401 umpie.
255 3331 300 3390 ῙΧ,
321 3332 378 3382 10-1·
452 3395 458 3407 ‚
696 3339 738 3386 bos
762 3338 896 3400 descripsit,
922 3337 984 3400 qood
1007 3336 1048 3383 oie
1070 3348 1108 3382 ere
1153 3333 1207 3380 dom

174 3405 305 3455 modulate:
345 3395 539 3456 .‚m⁰i⁰d¹8⁸h“t
575 3414 654 3448 tome·
674 3440 677 3444 -
697 3407 843 3464 sitsteetos
866 3418 904 3452 ree
928 3409 974 3453 tom
991 3403 1088 3451 breuiter
1103 3414 1118 3462 p
1134 3399 1207 3448 misse

139 3488 207 3523 rose:
227 3464 436 3534 „diffinisti-‘⁶
697 3471 818 3520 deeiorom'.
852 3466 909 3529 Vgl.
937 3473 1012 3517 uuten
1040 3481 1061 3514 e.
1094 3465 1135 3519 at,
1162 3460 1203 3512 93.
1288 3511 1290 3515 ‚

161 3533 206 3594 ,9.
227 3536 268 3587 23.
297 3543 361 3586 moto
390 3549 446 3610 pto,
479 3529 504 3579 d.
536 3530 560 3579 h·
590 3541 655 3583 moto
695 3536 765 3594 Aueb
792 3535 833 3584 die
867 3534 981 3597 liudgen
1013 3530 1208 3589 Verbiudungeu

140 3607 251 3670 proptio:
275 3616 302 3651 0⁸
320 3600 354 3650 5³2
371 3594 563 3659 “vmi'i‘ltms
588 3597 655 3648 Wil'd
696 3607 758 3669 quod
776 3607 797 3654 si
814 3602 887 3665 (oben
906 3617 927 3650 o.
949 3603 971 3658 1,
994 3601 1026 3661 3),
1048 3601 1110 3665 oneo
1128 3611 1204 3662 onom.

141 3671 209 3720 nlebt
236 3669 313 3719 dunch
336 3673 416 3716 etwas
433 3679 482 3714 von
500 3679 591 3715 sussen
609 3666 655 3716 ber
729 3673 759 3722 od
777 3668 958 3736 qnoniamuud
982 3666 1061 3730 dergl.
1088 3663 1144 3715 sind
1162 3675 1207 3712 uua

142 3735 335 3788 lliuwiekendee
365 3733 391 3782 iu
419 3730 564 3803 buwegung
592 3734 655 3784 odei·
714 3734 1011 3787 leserAuedruekeweise
1029 3740 1205 3800 entsprungem

140 3803 287 3868 'l'bdtlgkeit
303 3807 423 3852 vomebat.
696 3804 809 3868 ebgleieb
844 3804 885 3854 die
920 3803 1013 3852 lboiere
1045 3801 1210 3860 duwendung

176 3875 216 3926 24.
238 3875 300 3938 qood
317 3888 355 3949 pe.
378 3871 410 3920 ot.
426 3892 458 3902 -
474 3870 547 3929 doeet,
568 3878 654 3933 poento
696 3872 828 3922 desselben
847 3872 933 3921 diesen
950 3870 1079 3935 Uespiung
1096 3870 1155 3920 sehr
1171 3865 1212 3917 ost

140 3945 176 3993 ets
193 3943 258 4006 insit.
295 3937 358 3987 Eme
371 3936 419 3997 Art
434 3947 484 3984 von
498 3932 649 4000 Epexosem
695 3940 769 3991 laum
787 3940 849 4021 boob
867 3939 993 3991 erkennen
1011 3936 1082 3990 lisst.

114 4062 119 4070 ,
175 4029 221 4074 Cio.
233 4025 318 4072 dollnt.
329 4024 390 4070 deor.
997 4020 1012 4073 8
