2640 4418
163 331 223 392 tio
517 290 880 391 nn'uarunannoaun.

70 533 77 542 ·
156 496 312 565 vivendum
328 493 466 572 pertinet,
490 492 600 552 cedens
615 491 805 553 caelestibus.
844 491 960 564 Quibus
975 492 1065 553 rebus
1080 494 1232 572 expositis

157 568 231 641 sitis
254 578 394 638 docuisse
416 577 535 650 videor,
558 576 690 636 hominis
713 586 816 637 natura
840 584 951 654 quanto
975 594 1080 637 omnes
1102 579 1237 643 anteiret

156 663 332 725 animantes.
376 662 420 721 Ex
452 678 510 738 quo
544 660 633 721 debet
664 660 809 737 intelligi,
842 678 898 721 uec
929 661 1055 737 figuram
1077 661 1232 742 situmque

154 746 356 808 membrorum
388 763 444 806 nec
465 744 577 820 ingenii
606 744 775 822 mentisque
797 744 854 805 vim
878 744 965 804 talem
988 745 1067 806 effici
1089 746 1230 824 potuisse

100 843 144 893 154
159 833 286 892 fortuna.
330 831 441 902 Restat,
465 837 497 890 ut
519 831 642 889 doceam
668 822 757 907 atque
780 828 940 907 aliquando
955 847 1103 906 perorem,
1127 830 1232 892 omnia

157 933 233 994 quae
256 914 317 973 sint
337 913 368 973 in
390 914 449 972 hoc
472 913 591 985 mundo,
616 912 725 990 quihus
750 920 869 973 utantur
891 913 1039 985 homines,
1073 914 1233 976 hominnm

100 996 144 1065 62
159 1016 264 1060 caussa
287 999 364 1058 facta
385 1015 454 1058 esse
476 1005 506 1057 et
526 1003 640 1074 parata.
683 996 835 1073 Principio
864 997 930 1073 ipse
953 997 1081 1058 mundus
1103 997 1233 1060 deorum

156 1081 370 1159 hominumque
392 1098 499 1141 caussa
523 1081 619 1141 sactus
641 1090 687 1140 est
709 1081 856 1158 [quaeque
879 1081 909 1140 in
933 1099 969 1141 eo
992 1089 1077 1152 sunt,
1111 1100 1146 1142 ea
1175 1101 1232 1160 pa·

157 1175 222 1228 rata
243 1165 280 1225 ad
304 1164 431 1226 fructum
455 1163 608 1225 hominum
632 1172 662 1224 et
676 1163 792 1225 inventa
815 1165 908 1240 sunt].
931 1159 985 1225 Est
998 1165 1078 1225 enim
1101 1167 1235 1227 mundus

158 1249 244 1329 quasi
268 1248 434 1309 communis
467 1249 591 1308 deorum
626 1256 715 1325 atque
737 1247 891 1313 hominum
930 1249 1036 1309 domus
1072 1257 1123 1310 aut
1153 1250 1231 1311 urbs

157 1343 362 1411 utrorumque.
406 1332 468 1394 Soli
492 1331 572 1393 enim
595 1331 711 1409 ratione
740 1338 857 1392 utentes
886 1333 951 1392 iure
972 1351 1009 1393 ac
1030 1332 1095 1412 lege
1117 1334 1232 1396 vivunt.

80 1476 83 1481 .
157 1418 196 1479 Ut
217 1417 308 1494 igitur
336 1417 467 1476 Athenas
495 1423 526 1475 et
546 1415 801 1475 Lacedaemonem
824 1416 1051 1476 Atheniensium
1077 1418 1232 1480 Lacedae-

158 1501 387 1578 moniorumque
410 1517 516 1559 caussa
540 1500 704 1577 putandum
727 1509 774 1560 est
797 1499 932 1567 conditas
956 1519 1040 1573 esse,
1069 1501 1233 1581 omniaque

157 1603 233 1664 quae
266 1583 379 1643 sintin
404 1582 451 1643 his
480 1582 603 1643 urbibus
643 1601 745 1644 eorum
780 1580 959 1662 populorum
985 1590 1071 1650 'recte
1093 1604 1162 1647 esse
1184 1586 1234 1647 di·

159 1743 206 1784 tum
224 1736 304 1783 ceteris
322 1736 460 1784 ciuitatibus.
485 1731 518 1785 dc,
534 1732 578 1782 (ir.
599 1731 617 1789 1,
639 1734 669 1783 4:
714 1750 757 1784 nos
782 1737 932 1798 suspicimus,
964 1738 986 1784 si
1013 1737 1077 1798 dipni
1100 1730 1174 1797 notit
1188 1740 1233 1811 ,oj-

158 1803 251 1864 iapem'o
274 1807 404 1850 nostrorum
434 1803 550 1852 hominum
577 1803 672 1851 muitum
715 1803 807 1860 demur,
833 1808 926 1865 propter
949 1800 1012 1866 quos*
1031 1809 1095 1853 touta
1121 1819 1260 1869 inocente«,

159 1871 240 1918 ceteris
274 1870 403 1917 hominihus
436 1870 537 1933 'omnium
573 1871 673 1931 pontium
715 1875 789 1918 tua·
1238 1874 1250 1899 ,-

173 1938 372 1985 rcestitetunt.—
389 1932 442 1981 Der
460 1932 527 1990 Satz,
549 1933 607 1984 dass
627 1935 673 1983 der
749 1937 844 1983 deorum
860 1937 1021 1999 hominumque
1042 1952 1131 1986 cauato„
1168 1934 1229 1998 vgl.

199 2000 250 2050 eise
269 2028 301 2038 -
320 2000 370 2049 nud
388 2000 481 2049 diesem
505 2000 581 2050 aliein
605 2002 672 2050 kann
715 1999 779 2049 ohen
797 2014 818 2048 o.
840 2001 862 2056 6,
887 2001 925 2051 16.
963 1999 1016 2050 Der
1042 2000 1158 2063 folgende
1177 2003 1233 2053 ein·

156 2069 187 2131 ja
204 2067 259 2119 eine
277 2071 323 2118 uita
342 2072 408 2119 teoto
420 2068 567 2119 zukommen
579 2096 611 2104 -
623 2069 671 2117 den
714 2065 893 2128 geklammerte
917 2066 977 2117 Sata
1001 2066 1035 2117 ist
1058 2069 1232 2121 wahrschcin·

160 2134 266 2184 Gottern
280 2134 347 2183 nicht
358 2135 491 2184 nachstchc
514 2150 604 2186 ausser
620 2135 672 2184 hin·
713 2133 762 2182 liuh
781 2134 878 2182 unecht.
906 2132 977 2183 Dcnn
989 2150 1018 2184 cr
1037 2135 1132 2187 cnthrilt
1147 2137 1232 2189 niohts

160 2201 273 2251 sichtlich
298 2201 344 2250 der
361 2201 447 2252 Bauer
471 2202 555 2265 seiner
581 2202 672 2252 Cldck-
715 2199 752 2250 als
776 2200 832 2249 eine
855 2200 974 2263 mdssige·
990 2202 1041 2251 und
1059 2203 1107 2253 den
1124 2202 1229 2256 zmin-

159 2267 287 2330 seligheit,
310 2268 343 2318 ist
360 2270 417 2318 ioht
435 2269 542 2320 Stoisch.
581 2270 668 2320 Senec.
703 2269 848 2329 meaning·
865 2268 1080 2320 untcrhrechcnde
1107 2269 1234 2324 Wieden-

159 2336 232 2402 epist.
253 2339 299 2388 73:
329 2340 413 2402 iupiter
436 2356 479 2403 quo
505 2343 617 2390 antecedit
635 2343 670 2389 oi-
713 2335 805 2397 holong
823 2334 867 2384 (les
885 2335 960 2385 kurz¹
973 2337 1066 2387 vorhet'
1084 2337 1228 2402 Gessacem

133 2422 209 2456 'rum
227 2409 329 2456 bonoim?
357 2408 445 2456 diutins
464 2410 595 2457 bonusest.
626 2409 670 2456 So·
714 2402 763 2452 und
782 2404 846 2452 dazu
863 2402 897 2452 ist
914 2408 1012 2468 inventa,
1033 2420 1087 2454 was
1106 2406 1169 2455 doch
1182 2423 1232 2458 nur

157 2477 223 2536 piens
241 2475 314 2522 nitito
333 2475 588 2535 seminarisoesta'mat,
609 2477 672 2539 quod
714 2471 761 2519 nui
785 2469 982 2532 Entdechungeu
1017 2471 1064 2521 der
1084 2470 1231 2533 ,Menschen

158 2542 253 2588 uirtutes
271 2542 321 2587 rius
339 2542 413 2602 spatio
433 2543 534 2590 breviora
558 2543 671 2591 claudun-
714 2538 793 2599 gehen
819 2537 898 2595 kann,
930 2537 985 2587 hier
1012 2540 1127 2602 weniger
1152 2556 1232 2604 ange·

159 2614 203 2655 tur.
238 2602 296 2665 vgt.
317 2619 355 2667 ep.
376 2606 423 2654 77:
451 2610 563 2671 quomodo
581 2610 669 2672 scdulo,
713 2619 824 2662 messen,
847 2620 887 2653 wo
907 2620 953 2654 nur
970 2621 1019 2655 von
1037 2608 1084 2656 der
1101 2608 1231 2672 Frirsorge

159 2674 193 2726 sic
210 2677 272 2723 aito:
300 2690 347 2722 noa
364 2689 432 2736 quam
455 2677 510 2733 diu,
540 2676 581 2724 scd
604 2691 672 2738 quom
715 2670 761 2721 det·
789 2671 947 2721 schaffttssden
975 2671 1058 2723 Nutut·
1091 2675 1135 2744 die
1158 2675 1231 2726 Rode

160 2743 215 2789 heac
233 2748 284 2789 acto
302 2742 339 2800 sit,
359 2746 435 2803 refert.
472 2739 523 2788 Cic.
548 2738 578 2788 de
596 2739 668 2788 Finn.
714 2737 768 2788 sein
786 2738 878 2788 durhc.
910 2768 930 2776 -
956 2738 1008 2789 Der
1031 2743 1133 2792 naichstc
1156 2743 1227 2803 Sata,

159 2803 201 2863 ΙΙΙ,
214 2807 251 2863 14,
266 2806 312 2858 46:
324 2809 418 2857 'Stoicis
435 2799 588 2858 aort'aidctar
605 2817 671 2872 opta·
712 2821 762 2855 von
780 2805 826 2855 der
843 2804 917 2856 Welt
940 2805 977 2856 als
1002 2808 1083 2858 eincm
1101 2810 1149 2859 den
1168 2809 1232 2862 Got-

159 2876 230 2925 ditior
247 2891 287 2924 aec
304 2877 378 2938 mapis
396 2879 522 2939 expetendo
535 2879 667 2936 bectorita,
714 2880 770 2922 tern
805 2873 855 2922 und
875 2872 1009 2925 Menschen
1045 2877 1231 2938 gemeinsmnen

159 2946 180 2991 sa'
198 2945 228 2990 sit
246 2944 322 3004 toppo,
339 2959 407 3006 quom
425 2945 446 2991 si
463 2945 545 2992 breuis.
714 2939 815 2999 staats,
843 2956 900 2990 war
923 2941 963 2990 ein
981 2942 1165 3006 Lieblingssatz
1183 2945 1233 2997 der

193 3001 245 3062 62.
267 3009 322 3057 154.
334 3008 411 3060 odonia
422 3012 537 3059 hominum
546 3027 670 3061 coussc-.
715 3007 829 3064 Stoiher,
860 3009 909 3058 und
936 3008 1004 3058 'wird
1031 3011 1162 3062 nnendlich
1192 3013 1233 3064 ost
1264 3064 1267 3069 ,

159 3073 229 3121 Auch
247 3073 332 3123 dieser
350 3074 410 3123 Satz
429 3074 463 3122 ist
487 3076 544 3124 echt
561 3075 667 3125 Stoisch.
713 3075 871 3135 wiedcrholt.
903 3076 928 3126 S.
948 3076 1088 3129 besonders
1101 3079 1232 3131 Ariushci

159 3137 215 3200 Vgl.
238 3138 289 3188 Cic.
311 3141 342 3189 de
360 3141 430 3189 Finn.
452 3139 492 3198 ΙΙΙ,
515 3144 554 3198 20,
577 3145 618 3194 67.
640 3142 670 3191 de
704 3142 806 3194 ‘Euseh
826 3159 864 3208 pr.
885 3158 973 3205 evang.
991 3143 1048 3203 XV,
1067 3149 1111 3197 15:
1133 3141 1232 3198 dardo-

159 3204 232 3254 Offlc.
252 3205 271 3264 1,
294 3209 316 3263 t,
339 3208 379 3258 22.
401 3207 521 3269 deLegg.
542 3208 560 3265 Ι,
583 3212 606 3267 8,
626 3210 667 3261 25.
712 3227 765 3278 pos
794 3205 877 3260 οἱονεὶ
902 3205 979 3264 πόλις
1006 3207 1081 3262 ἐστὶν
1104 3208 1132 3264 ἐκ
1154 3215 1233 3266 θεῶν

158 3272 337 3331 AuchPlinins,
359 3273 472 3335 ohgleich
489 3275 667 3335 keinStoiker,
710 3274 759 3327 arai
776 3272 941 3344 ἀνθρώπων,
962 3279 1018 3328 τῶν
1034 3278 1246 3353 θεῶνμὲντὴμ,

158 3348 216 3402 sugt
240 3339 270 3389 H.
296 3337 328 3390 N.
345 3340 390 3392 Vll
412 3346 540 3407 prooenfi:
568 3347 671 3396 Hominis
714 3339 862 3410 ἡγεμονίαν
886 3339 1015 3411 ἐχόντων,
1042 3348 1098 3397 τῶν
1122 3342 1153 3398 d’
1181 3343 1232 3399 ἄν.

159 3427 242 3461 caussa
265 3413 355 3460 videtur
385 3419 465 3461 cuncto
492 3415 540 3462 utic
565 3417 682 3475 posuisse·
713 3406 837 3491 dpuinor
864 3405 1115 3481 incrneypidvowu
1131 3432 1232 3466 κοινω-

157 3485 249 3538 oatora,
270 3475 320 3524 und
338 3475 383 3525 der
402 3474 486 3526 Christ
503 3475 618 3528 Lactant.
640 3478 671 3528 de
714 3494 777 3527 νιαν
800 3471 827 3526 δ“
853 3473 984 3547 ὑπάρχειν
1011 3479 1080 3549 πρὸς
1101 3476 1232 3545 ἀλλήλους

89 3562 94 3580 r
159 3542 671 3599 iradeic.14:oncestscntcntiostoi-
714 3540 815 3594 διὰτὸ
842 3540 924 3610 λόγου
969 3546 1085 3616 ετὲχειν,
1118 3544 1147 3605 ὅς
1170 3547 1233 3603 ἔστι

159 3629 249 3674 corum,
271 3617 310 3677 qui
327 3617 392 3663 ciunt
408 3621 489 3664 nostro
505 3632 590 3666 caussa
605 3631 671 3665 mua-
713 3606 797 3728 prices
815 3608 906 3680 νόμος.
945 3565 1001 3677 iigl.
1024 3616 1076 3667 Cic.
1097 3617 1128 3668 de
1147 3618 1228 3683 chg.
1260 3656 1267 3675 ,

160 3682 213 3728 duna
231 3696 280 3730 osse
303 3688 471 3732 constructum:
499 3687 575 3733 omnio
601 3685 668 3743 anim,
726 3718 731 3736 .
754 3682 777 3737 7,
799 3680 891 3731 tande
910 3682 980 3732 Finn.
1003 3683 1043 3740 ΙΙΙ,
1069 3688 1105 3742 19,
1128 3688 1169 3737 64.
1201 3687 1234 3738 ln

160 3749 242 3810 quibas
266 3756 353 3798 coastat
376 3751 489 3810 mundos,
522 3753 552 3799 od
582 3751 671 3799 utilite·
714 3745 769 3795 dem
788 3746 998 3800 Herculanischcn
1014 3751 1161 3814 Fragments
1179 3754 1230 3806 col,

141 3819 203 3873 ¹tom
220 3816 318 3863 hominis
336 3818 506 3866 accommodato
523 3825 590 3877 sunt,
618 3829 672 3865 wo·
713 3812 755 3872 tv,
784 3816 816 3866 22
846 3815 913 3865 wind
940 3833 969 3867 cr
998 3819 1146 3869 numentiich
1173 3822 1233 3874 dom
1268 3868 1271 3872 .

160 3891 239 3938 gagen
274 3878 369 3928 Seneca
405 3881 586 3931 hescheidener
622 3881 671 3930 und
690 3918 698 3939 ,
715 3881 875 3948 Chrysippus,
898 3883 930 3932 im
948 3885 1040 3935 dritten
1054 3887 1082 3936 B.
1102 3885 1164 3956 περὶ
1178 3885 1234 3956 φύ-

159 3943 316 3994 christlichcr
342 3945 373 3995 de
397 3946 439 3996 ira
462 3947 497 4006 ΙΙ,
526 3950 572 3999 2Ιι
603 3953 672 4001 nimis
714 3963 789 4014 σεως,
809 3951 1014 4012 zugeschriehen.
