2640 4418
161 323 220 384 148
416 288 424 303 ’
509 329 553 380 nu
574 285 710 380 Neruae
727 328 875 380 uuonan.

157 487 344 557 Aristoteles,
368 488 397 546 si
417 492 524 555 essent,
547 483 653 562 inquit,
678 485 730 563 qui
749 483 904 544 subterra
923 501 1044 564 semper
1066 483 1235 546 habitavis-

159 584 232 634 sent
252 573 340 633 bonis
363 582 393 632 et
420 569 609 630 illustribus‘
618 567 789 638 domiciliis,
823 585 898 647 qaae
926 579 1024 629 essent
1054 568 1166 630 ornato
1186 573 1234 631 ei-

158 662 335 736 pateatque
359 656 492 733 picturis
514 657 725 732 instructoque
757 652 848 712 rebus
881 655 919 711 iis
942 653 1088 722 omnibus,
1119 653 1233 733 quibas

158 741 366 810 abundantii,
389 741 441 819 qai
462 738 541 799 beati
559 746 722 816 putantur,
746 754 799 796 ιιοο
817 748 917 798 ιοοιοιι
938 740 1072 797 ectssmt
1092 756 1234 818 aaronem

61 896 72 907 ι
159 843 257 903 sopra
280 834 403 892 terram,
438 826 623 901 accepissent
655 830 755 882 autem
785 821 870 899 fama
900 831 931 882 et
964 822 1132 892 auditione,
1168 840 1234 884 esse

118 932 120 937 ·
159 902 307 990 quoddam
327 925 439 967 ιιιιιιιοιι
461 917 491 966 οι
512 910 571 966 cane
593 907 734 978 άοοιιιιιις
765 905 869 966 deinde
896 905 996 984 aliquo
1020 917 1153 985 tompore
1171 925 1233 1007 pa-

158 995 279 1073 tefacte's
303 1001 405 1052 terrae
426 991 567 1069 faucibus
600 1008 638 1050 ecc
659 989 721 1051 stlte
755 988 862 1050 obditis
900 990 1018 1051 sedibus
1051 991 1214 1051 evadere
1201 1010 1235 1052 ιιι

160 1078 231 1138 boec
241 1077 329 1152 loco,
352 1094 427 1154 quoe
448 1093 504 1135 nos
526 1072 695 1143 incolimus,
719 1085 806 1152 atque
828 1076 912 1134 eolre
930 1077 1117 1152 patrassent:
1141 1094 1233 1155 paam

159 1171 283 1241 repente
307 1172 424 1222 terram
445 1171 475 1221 et
494 1177 595 1219 morta
623 1158 792 1236 caelumque
819 1157 978 1232 vidissent,
1016 1159 1140 1220 nubium
1166 1178 1234 1219 mo-

159 1242 1234 1325 pattadiaerncentorumpuectmcopaooissentadspeaissentpuesolem

160 1333 280 1409 eiusque
302 1338 367 1389 ιιιιιι
386 1328 621 1406 mapaitudinem
631 1326 952 1406 pulchritudinemque,
977 1331 1139 1388 tumetium
1161 1328 1236 1407 effi-x

161 1418 298 1476 cientiam
321 1416 544 1490 copnooisseat,
567 1411 646 1491 qaod
667 1414 693 1471 is
717 1411 792 1470 atem
815 1411 952 1489 efficeret
979 1421 1041 1471 toto
1065 1411 1145 1473 coelo
1169 1411 1235 1474 lace

161 1499 300 1584 diffusos
328 1516 418 1576 quam
440 1505 540 1562 autem
563 1505 665 1556 terras
688 1513 752 1555 noa
774 1506 938 1572 opacasset,
962 1505 1025 1555 tanc
1049 1495 1162 1557 coelum
1185 1507 1234 1558 to-

162 1592 227 1643 ιαιιι
249 1591 408 1643 cernerent
430 1584 524 1640 astris
549 1579 724 1640 distinctum
746 1589 774 1640 et
796 1591 948 1666 οιιιαιιιοι,
974 1579 1118 1659 lunaeque
1142 1579 1235 1642 lami-

161 1684 235 1726 ιιιιιιι
256 1667 435 1725 uarietatem
469 1673 531 1725 torn
565 1667 727 1725 arescentis
760 1674 823 1723 ιιιιι
845 1667 1040 1728 senescentis.
1075 1683 1257 1745 eorumque-

162 1749 315 1819 οιίιιιιιαιι
324 1759 412 1810 ortus
441 1759 470 1809 et
498 1766 621 1808 occasus
651 1758 740 1828 atque
769 1751 801 1807 in
830 1752 912 1809 οιιιιιι·
938 1742 1117 1810 aeternitate
1147 1759 1235 1811 ratos

160 1832 418 1913 immutabilesque
442 1850 568 1893 aursus:
592 1832 663 1893 baec
686 1833 937 1911 paamoidereat,
956 1832 1097 1910 profecto
1121 1843 1150 1894 et
1172 1850 1235 1894 esse

105 1915 152 1984 38
168 1919 237 1987 cleos
257 1928 289 1977 -et
311 1917 381 1978 boec
404 1927 489 1979 tanta
512 1934 606 1996 opera
629 1918 754 1978 deorum
768 1935 831 1976 esse
853 1917 1093 1979 arbitrarentur.
1138 1919 1235 1996 Atque

118 2003 239 2063 ethaeo
273 2001 394 2079 quidem
416 2000 477 2060 ille.
521 2001 582 2060 Nos
617 2009 714 2060 autem
751 2000 887 2060 tenebras
924 2000 1089 2076 cogitemus
1125 2008 1234 2074 tantas,

163 2093 293 2165 quantae
316 2085 466 2163 quondam
487 2083 646 2161 eruptione
667 2085 864 2145 Aetnaeorum
888 2084 1000 2162 ignium
1023 2084 1164 2145 finitimas
1186 2104 1235 2147 re-

163 2170 269 2248 giones
292 2168 501 2229 obscuravisse
525 2168 673 2240 dicuntur,
697 2176 729 2228 ut
750 2186 805 2247 per
825 2167 949 2229 biduum
972 2187 1059 2229 nemo
1081 2168 1234 2229 hominem

164 2255 254 2314 bomo
278 2259 467 2328 agnosceret,
503 2271 593 2330 quum
616 2252 826 2313 autem-tertio
849 2251 897 2312 die
920 2253 966 2313 sol
988 2252 1148 2325 illuxisset,
1170 2263 1236 2314 tum

166 2347 198 2398 ut
219 2336 363 2397 revixisse
392 2336 449 2396 sibi
473 2336 655 2398 viderentur.
701 2337 815 2409 Quodsi
846 2338 905 2398 boc
932 2337 1015 2420 idem·
1041 2357 1076 2398 ex
1103 2338 1235 2399 aeternis

164 2421 298 2483 tenebris
320 2420 516 2496 contingeret,
539 2431 573 2482 ut
594 2421 693 2482 subito
716 2420 811 2482 lucem
826 2421 1065 2500 adspiceremus:
1090 2440 1236 2499 quaenam

165 2505 285 2583 speeies
307 2505 382 2564 caeli
410 2501 584 2566 videretur?
613 2506 672 2565 Sed
702 2505 879 2566 assiduitate
910 2505 1082 2582 quotidiana
1112 2515 1142 2565 et
1164 2525 1236 2566 con-

165 2588 332 2653 suetudine
346 2587 500 2648 oculorum
532 2599 710 2650 assuescunt
737 2589 828 2650 animi
857 2606 953 2667 neque
976 2588 1161 2649 admirantur
1183 2610 1236 2650 ne-

166 2691 223 2751 que
240 2671 402 2749 requirnnt
430 2672 563 2733 rationes
593 2692 694 2733 earum
722 2691 837 2745 rerum,
868 2690 941 2749 quas
963 2673 1090 2748 ,semper
1116 2672 1235 2746 vident3

164 2756 291 2836 proinde
315 2756 400 2834 quasi
423 2757 540 2818 novitas
563 2775 618 2818 nos
642 2757 746 2834 magis,
771 2773 858 2835 quam
873 2754 1043 2832 magnitudo
1058 2774 1158 2816 rerum
1183 2758 1236 2816 de-

100 2852 151 2903 ·97
164 2841 235 2902 beat
256 2840 292 2900 ad
317 2840 515 2918 exquirendas
544 2861 665 2902 caussas
688 2841 826 2902 excitare.
872 2839 946 2912 Quis
977 2838 1056 2900 euim
1079 2840 1164 2919 bunc
1182 2841 1236 2909 bo-

26 2976 32 2981 .
115 2928 120 2955 l
164 2925 275 2985 minem
298 2923 413 2996 dixerit,
438 2925 504 3004 qui,
528 2945 619 3004 quum
643 2935 700 2985 tam
724 2931 822 2986 o'ertos
846 2925 919 2984 caeli
940 2933 1048 2998 motuS,
1071 2935 1132 2985 tam
1153 2935 1236 2986 ratos
1258 2934 1265 2954 ¹

165 3018 314 3070 astrorum
336 3009 475 3083 ordines,
513 3017 632 3089 tamque
669 3011 749 3071 inter
770 3029 804 3070 se
827 3010 925 3083 omnia
949 3027 1081 3070 connexa
1117 3017 1146 3069 et
1168 3019 1236 3087 apta

167 3140 242 3191 sebon
272 3139 321 3189 seit
348 3155 369 3188 c
390 3140 453 3191 36
447 3156 470 3189 m
496 3128 581 3191 diesen
608 3140 680 3192 Tbeil
724 3135 800 3202 ἥλιον
807 3139 1038 3221 περιπολοῦντα,
1074 3137 1179 3224 νύκτωρ
1207 3138 1237 3192 δὲ

167 3206 372 3267 bineingeratben
391 3207 437 3263 ist,
465 3224 492 3259 so
517 3210 630 3260 erinnert
652 3225 682 3260 cr
723 3205 774 3270 τὴν
790 3225 920 3259 ευτακτον
936 3209 992 3258 τῶν
1010 3202 1127 3258 ἄλλων’
1113 3224 1237 3290 accepere

167 3290 216 3323 nun
235 3273 368 3335 gleichsam
395 3276 564 3336 naebtiriglicb
590 3278 678 3327 daran
722 3273 837 3337 κίνησιν,
857 3271 989 3356 ἐνόμισαν
1005 3267 1077 3327 ειναί
1093 3293 1155 3327 τινα
1169 3273 1237 3327 debu

167 3342 237 3395 Aucb
257 3341 310 3389 dies
329 3341 362 3390 ist
385 3342 452 3391 nieht
476 3343 513 3393 als
531 3345 622 3394 Fclrler
640 3344 681 3394 Gi·
723 3340 773 3393 τὸν
806 3345 853 3405 τῆς
882 3339 1008 3405 τοιαύτης
1035 3340 1165 3406 κινήσεως
1190 3341 1237 3394 καὶ

167 3409 247 3461 serc’s
272 3424 302 3458 zu
326 3409 480 3469 belmontem
511 3412 619 3462 sondern
638 3427 681 3476 ge·
723 3406 896 3469 situatae*
864 3429 961 3462 αιτιον.

168 3478 225 3527 Ιιοιι
237 3491 283 3526 zur
294 3474 474 3540 Naananmung
492 3480 535 3529 des
554 3489 681 3547 extempo·
757 3475 809 3536 38.
830 3483 871 3531 96
898 3485 1025 3547 parandam
1039 3484 1155 3546 eruptione
1172 3482 1237 3531 leta.

71 3604 76 3615 Ι
167 3544 247 3595 rirten
266 3543 414 3607 Vortroges.
722 3553 769 3613 ipa
805 3547 854 3597 Ber
866 3547 988 3597 walchem
1006 3547 1052 3596 der
1078 3545 1237 3596 verschiede-

201 3616 341 3665 Aristoteles
377 3613 404 3663 lu
433 3612 480 3662 den
504 3614 681 3665 verbandenen
724 3630 771 3665 nen
795 3615 941 3664 Ausbruebo
972 3614 1016 3664 des
1045 3616 1141 3672 Aetna,
1174 3613 1244 3663 iiber*

168 3679 376 3730 Aristoteliscben
390 3681 515 3731 Sebristeu
533 3681 611 3730 findet
628 3682 679 3731 sicb
722 3680 819 3731 welche
838 3681 878 3730 die
896 3682 1015 3744 Angaben
1033 3682 1080 3731 der
1097 3681 1171 3731 Allan
1188 3697 1238 3730 von

168 3746 224 3794 eine
242 3745 325 3796 solcbe
343 3748 420 3798 Stelle
438 3749 488 3798 wie
507 3748 547 3797 die
566 3748 682 3811 folgende
725 3747 825 3798 Cluver.
847 3748 915 3799 Sioil
937 3757 987 3799 ant.
1008 3748 1026 3807 1
1048 3751 1064 3800 8
1089 3765 1113 3814 p
1136 3751 1184 3799 104
1208 3748 1234 3798 ff.

168 3813 249 3868 niolrt;
271 3813 333 3863 doeh
353 3817 420 3865 iibri
438 3815 508 3866 Sext
529 3815 623 3881 Empir.
633 3815 677 3874 lX‚
724 3817 968 3879 zusarnmengeslelll
985 3815 1048 3875 sind,
1070 3816 1259 3867 dievchie.

167 3879 288 3930 redisse
307 3881 402 3934 Worlc
421 3897 465 3932 aus
484 3883 533 3932 ihm
551 3898 596 3933 aa:
617 3887 681 3935 bea·
721 3885 854 3934 ‘erwabnte
872 3856 1063 3946 Verlinsterurig
1087 3872 1237 3944 stettgefun-

168 3942 283 4013 οάμονοι
309 3945 364 4019 γὰρ
392 3942 459 4017 μεθ’
491 3945 596 4016 ἡμέραν
628 3948 681 4021 μὲν
723 3951 771 4001 den
790 3951 860 4009 habe.
882 3953 916 4003 ist
933 3951 1001 4017 uiolet
1018 3967 1050 4000 zu
1066 3949 1201 4002 ermitteln.
