2640 4418
490 335 552 387 nte.
574 334 604 388 lI.
626 335 697 387 CAP.
720 338 760 387 14.
783 291 829 387 lli-⁸
844 337 885 388 16.
1169 327 1226 389 121

163 488 312 550 disturbat
332 507 368 550 ac
390 487 526 566 dissipat.
572 488 680 550 Contra
703 488 753 549 ille
776 506 954 566 corporeus,
975 488 1074 572 vitalis
1097 501 1127 553 et
1148 491 1228 553 salu-

162 573 235 635 tarie
257 573 357 635 omnia
379 581 543 645 conservat,
566 572 633 644 alit,
657 583 758 649 auget,
782 571 910 633 sustinet
932 591 1083 652 sensuque
1105 575 1228 637 elficit.“
1272 615 1274 629 ι

160 657 253 735 Negat
276 675 347 735 ergo
370 675 438 718 esse
461 656 599 730 dubium,
626 656 732 717 horum
761 656 873 734 ignium
896 657 942 717 sol
966 657 1024 719 utri
1047 659 1155 720 similis
1177 660 1226 733 sit,

161 760 251 823 quum
274 741 300 802 is
324 759 441 820 queque
465 741 590 814 efficiat,
620 749 653 801 ut
679 740 778 800 omnia
801 741 930 802 floreant
951 749 982 801 et
1004 741 1035 802 in
1057 760 1112 804 sno
1136 763 1226 822 quae·

160 845 218 904 que
240 843 348 903 genere
368 826 544 904 pubescant.
582 824 681 897 Quare
698 842 787 902 quum
803 824 970 902 solisignis
992 826 1101 887 similis
1123 847 1227 890 eorum

159 909 351 986 ignium'ssit,
381 910 432 988 qui
455 917 524 970 sunt
545 908 576 968 in
599 908 778 988 corporibus
800 907 1010 982 animantium,
1034 910 1129 973 solem
1152 931 1226 991 quc-

160 1012 217 1072 que
239 994 420 1055 animantem
443 1011 511 1054 esse
534 1001 668 1071 oportet,
699 992 870 1070 Qu
892 993 1008 1071 reliqua
1031 1003 1126 1067 astra,
1151 1008 1289 1078 quaeqae

158 1078 292 1139 oriantur
313 1079 344 1138 in
367 1078 473 1159 ardere
495 1077 628 1148 caelesti,
651 1077 703 1158 qui
727 1077 830 1137 aether
850 1077 895 1136 vel
912 1077 1026 1139 eaelum
1043 1079 1225 1142 nominatur.
1238 1099 1287 1121 ‘w

158 1162 255 1234 Quum
279 1162 358 1224 enim
380 1161 506 1237 aliorum
528 1161 723 1222 animantium
746 1169 829 1221 ortus
852 1160 985 1222 interra
1013 1162 1067 1241 sit,
1096 1164 1222 1227 aliorum
1237 1175 1268 1226 42

157 1245 188 1307 in
211 1266 304 1326 aqua,
328 1245 359 1306 in
382 1251 451 1306 aere
474 1245 616 1307 aliorum:
647 1245 809 1317 absurdum
831 1262 900 1306 esee
921 1245 1076 1306 Aristoteli
1099 1247 1225 1322 videtur,

155 1329 186 1390 in
210 1349 245 1390 ea
260 1337 356 1409 parte,
379 1348 455 1409 quae
479 1329 517 1389 sit
538 1330 576 1391 ad
594 1329 743 1407 gignenda
764 1329 904 1392 animalia
928 1329 1225 1407 aptissima,·animal

156 1414 236 1491 gigni
266 1414 377 1474 nullum
407 1421 521 1492 putare.
566 1413 672 1474 Sidera
701 1420 800 1475 autem
829 1415 1000 1474 aethereum
1023 1414 1121 1474 locum
1146 1416 1223 1476 ohti-

154 1506 244 1570 nent3
267 1498 318 1575 qui
341 1497 481 1576 quoniam
506 1497 700 1558 tenuissimus
722 1503 821 1558 estet
843 1512 963 1576 semper
985 1497 1114 1576 agitatur
1136 1509 1166 1561 et
1180 1500 1223 1560 vi·

154 1588 218 1658 get,
248 1599 374 1642 neeesse
403 1590 462 1655 est,
494 1581 573 1660 quod
593 1581 703 1641 animal
719 1581 757 1642 'in
779 1600 815 1642 eo
838 1581 990 1658 gignatur,
1019 1582 1049 1642 id
1078 1591 1109 1644 et
1131 1603 1224 1646 sensu

153 1666 299 1727 acerrimo
321 1675 351 1726 et
371 1665 537 1727 mobilitate
558 1665 712 1726 celerrima
730 1683 809 1726 esse.
833 1665 932 1747 Quare
949 1678 1037 1745 quum
1055 1667 1086 1727 in
1102 1669 1223 1729 aethere

154 1757 233 1810 astra
255 1749 428 1827 gignantur,
462 1758 698 1810 consentaneum
726 1757 773 1810 eet
801 1749 840 1813 inv
862 1749 900 1809 iis
924 1769 1046 1811 sensum
1069 1751 1170 1815 inesse
1194 1761 1224 1813 et

153 1833 394 1911 intelligentiam:
419 1853 455 1895 ex
471 1852 529 1912 quo
552 1833 690 1907 elficitor,
713 1833 744 1893 in
765 1833 889 1893 deorum
904 1851 1029 1894 numero
1053 1844 1132 1895 astra
1155 1854 1222 1896 esse

152 1917 298 1999 ducenda.
341 1917 458 1985 Etenim
480 1917 552 1979 licet
572 1917 672 1978 videre
694 1916 826 1978 acutiora
855 1915 975 1993 ingenia
999 1928 1028 1977 et
1050 1918 1087 1978 ad
1110 1918 1220 1978 intelli·
1236 1916 1279 1986 16

152 2003 282 2079 gendum
310 2003 424 2080 aptiora
447 2020 581 2075 eorum„
598 2000 649 2080 qui
679 1991 773 2062 tebras
788 1999 930 2079 incolant
959 2019 1027 2073 eas,
1058 2001 1088 2061 in
1113 2001 1222 2081 quibus

151 2104 203 2147 aer
225 2085 265 2147 sit
286 2105 378 2165 purus
402 2105 437 2148 ac
459 2086 574 2157 tenuis,
606 2103 694 2164 quam
722 2085 858 2157 illorum,
888 2084 939 2162 qui
968 2090 1090 2145 utantur
1117 2104 1220 2147 crasso

151 2169 234 2231 eaelo
258 2180 346 2249 atque
369 2180 521 2232 concreto.
553 2168 755 2242 Quinetiam,
779 2169 847 2229 cibo
872 2180 1045 2247 quomam,
1069 2169 1219 2232 interesse
1233 2181 1263 2232 43

150 2255 262 2333 aliquid
286 2256 322 2315 ad
345 2255 454 2316 mentis
476 2256 569 2317 aciem
593 2263 708 2332 putant.
752 2253 912 2314 Probabile
935 2262 981 2314 est
1002 2253 1107 2330 igitur,
1130 2273 1220 2333 prae-

150 2347 277 2407 stantem
300 2339 524 2416 intelligentiam
549 2339 580 2399 in
603 2338 753 2399 sideribus
776 2355 860 2408 esse,
895 2355 971 2414 quae
1001 2344 1031 2397 et
1053 2339 1222 2419 aetheream

150 2470 236 2532 dcutig
249 2470 302 2520 sein
316 2471 417 2521 kdnnte.
430 2497 461 2508 ·—
477 2475 607 2538 Consectric
623 2488 661 2521 re·
704 2477 815 2519 nements
838 2469 1050 2534 entspreebender
1075 2470 1145 2520 bitte
1163 2470 1215 2522 Cic.

148 2557 199 2589 roro
223 2543 322 2590 omnium
338 2548 439 2591 vetustos
457 2538 525 2588 liibrt
542 2537 658 2587 Laetant.
703 2535 835 2586 schreiben
859 2537 974 2586 missen:
1012 2541 1038 2588 ia
1066 2540 1097 2588 iis
1126 2551 1218 2591 aeneam

148 2604 201 2661 Vll,
225 2607 264 2662 ll,
286 2608 300 2656 5
319 2620 365 2655 aus
384 2604 472 2655 Cicero
491 2608 538 2655 an?
704 2610 885 2657 acerrimum
902 2609 978 2656 inesse
996 2613 1017 2655 et
1040 2609 1217 2670 intelligentium

111 2694 117 2701 ·
181 2677 222 2724 ille
240 2691 362 2739 corporeos
380 2674 404 2722 d.
418 2674 442 2722 h.
455 2673 497 2737 qui
510 2672 587 2723 estin
605 2687 661 2737 cor·
704 2675 903 2724 celerrimam.

164 2739 262 2796 oribus;
298 2739 412 2802 ‘ohgleich
449 2741 583 2790 anderswo
615 2741 661 2789 das
736 2733 783 2794 16.
804 2743 893 2790 Etenim
903 2742 956 2790 licet
968 2742 1052 2790 cidere.
1071 2736 1122 2787 llas
1136 2744 1217 2790 etenim

188 2815 228 2856 ort
239 2806 360 2856 vielniebr
377 2808 587 2871 hdrperhalt,
610 2825 661 2860 cor·
702 2805 808 2868 krindigt
826 2805 894 2854 nieht
910 2805 1008 2854 sowobl
1031 2804 1087 2854 eine
1106 2804 1217 2866 Begrdo-

105 2925 108 2930 ,
146 2893 203 2939 pore
218 2879 351 2939 praeditus,
378 2890 409 2922 zu
432 2873 557 2924 bedenten
573 2875 657 2938 pilegt,
704 2874 771 2934 dung
812 2873 857 2921 des
897 2872 1056 2920 zunaehst
1095 2871 1213 2933 verberg.

92 2996 97 3005 q
148 2941 210 2989 auch
229 2939 269 2988 bei
288 2938 377 2989 Cicero
394 2939 427 2988 im
436 2938 544 2990 “Tirones
562 2955 583 2989 c.
599 2943 615 2990 4
633 2955 657 2988 ιι.
704 2938 793 2989 Satzes
812 2952 851 2994 an,
873 2937 926 2994 der,
956 2936 993 2985 als
1011 2936 1217 3001 Folgernngaus

148 3009 172 3058 8.
210 3006 329 3068 Dagegen
346 3006 377 3059 de
396 3006 466 3056 Finn.
483 3005 530 3063 lll,
561 3008 605 3063 ll,
625 3009 659 3057 te
702 3003 912 3054 unbezweilelten
947 3002 1103 3062 Primissen,
1147 3005 1218 3056 einer

105 3124 106 3129 ,
148 3074 203 3123 sind
221 3092 257 3126 res
276 3092 397 3140 corporeae
421 3073 461 3121 die
485 3071 660 3138 lidrperlicben
702 3072 870 3144 Begrdndung
893 3070 961 3119 nicht
982 3071 1053 3121 mehr
1079 3070 1213 3130 bcdurlte3

148 3141 239 3199 (liter,
260 3142 311 3191 wie
330 3140 496 3197 Gesundheit,
526 3139 661 3190 Scbdnheit
702 3140 811 3190 sondern
828 3137 949 3188 viehnebr
967 3138 1039 3188 einen
1058 3139 1216 3190 ierneren

146 3214 171 3258 u'.
192 3207 242 3270 dgl.
703 3207 789 3258 Grund
813 3221 844 3256 zu
868 3206 916 3254 den
939 3207 1014 3256 sehon
1039 3207 1212 3269 angeldbrten

180 3278 222 3328 42.
257 3279 374 3327 Aristoteli
406 3281 504 3328 uidetur.
549 3274 575 3324 ln
611 3275 659 3324 dcn
702 3274 755 3324 also
778 3273 863 3324 einen·
876 3273 1028 3323 Fortsehritt
1052 3274 1077 3323 in
1099 3274 1146 3324 der
1168 3275 1215 3324 Ar·

146 3342 323 3393 vorhandeiren
340 3342 549 3393 Aristotelisehcn
564 3341 659 3392 Schril-
701 3342 878 3405 gumentation,
902 3357 944 3390 wo
962 3356 1008 3391 uns
1026 3341 1067 3390 ein
1082 3360 1152 3408 porro
1171 3341 1211 3390 od.

144 3418 186 3460 ten
205 3411 297 3459 hommt
314 3409 397 3460 soleba
412 3411 574 3473 hausseruug
591 3409 659 3459 nieht
697 3409 981 3476 praetereowenigstcns
996 3408 1088 3457 ebeneo
1105 3407 1214 3474 passlich

144 3493 207 3533 vor;
229 3476 291 3527 doeh
309 3484 366 3540 sagt
384 3480 446 3528 auch
465 3474 660 3528 Pi.-Plntereh.·
700 3476 817 3526 seheinen
841 3475 938 3529 winde.
977 3474 1010 3525 So
1034 3475 1142 3525 hraucht
1159 3472 1211 3524 Cio.
1281 3508 1286 3515 ι

145 3546 209 3611 plac.
235 3544 294 3609 phil.
314 3544 345 3601 V,
372 3547 419 3597 20:
448 3541 508 3596 ἔστι
530 3561 550 3595 n
570 3561 657 3612 αγμα·
700 3549 782 3596 etenim
799 3543 890 3605 haulig.
927 3541 985 3605 Vgl.
1004 3541 1107 3604 Madvig
1124 3556 1165 3602 zu,
1183 3541 1214 3590 tle

144 3609 204 3663 τεὶα
218 3605 430 3692 Ἀριστοτέλους,
455 3607 485 3663 ἒν
501 3599 518 3681 ᾗ
535 3561 657 3680 τῖσσαρα
698 3611 770 3661 Finn.
789 3610 808 3669 l,
832 3612 853 3668 l,
875 3610 899 3661 3.
936 3608 983 3658 Die
1005 3607 1214 3672 Rechticrtigung

142 3678 206 3745 γένη
220 3679 298 3739 duur
312 3676 392 3746 φησὶ,
403 3683 528 3749 χερσαῖα,
544 3675 652 3748 ἔνυδρα,
699 3679 783 3728 dieses
795 3676 956 3728 Gebrauehas
974 3675 1008 3726 ist
1025 3674 1087 3725 aber
1104 3690 1150 3725 aus
1168 3675 1214 3725 der

142 3740 422 3866 mimawabdm
453 3747 591 3810 Uebrigens
602 3747 654 3812 vgl.
699 3744 931 3861 eigeotllliehen
946 3743 1214 3860 illigentungdeeeffi

143 3818 249 3935 wiu'iib
267 3851 365 3933 'amabar
386 3886 462 3934 inesse
485 3890 526 3933 eta.
549 3882 657 3932 ¹llichti·
698 3821 1212 3944 {graffizehtrrrbegffiandgsnrar'spzzglm

141 3963 188 4012 ger
205 3950 255 4001 und
273 3949 329 4018 dgna
345 3948 439 3999 Zweck
458 3948 542 3999 dieses
559 3949 656 4000 Rheon,
699 3964 747 3999 nur
764 3945 1006 3998 asseverircnd
1023 3946 1065 3997 iet.
1097 4002 1100 4006 A
