2640 4418
449 326 542 379 mni
573 326 645 378 ene.
669 329 708 379 ro.
730 330 771 379 rr.
793 329 833 379 ιε.
890 312 895 317 “
1137 317 1201 383 57.

107 482 292 544 immortales
314 489 464 560 putemus.
490 481 593 554 Quae
614 478 795 543 enimnobis
811 487 915 542 natura
937 479 1180 543 informationem

108 569 234 629 deorum
256 568 390 646 ipsorum
413 566 504 637 dedit,
527 567 632 628 eadem
650 564 811 644 insculpsit
832 564 863 626 in
882 564 1046 638 mentibus,
1069 574 1103 626 ut
1124 585 1180 629 eos

107 659 248 713 aeternos
270 659 300 712 et
320 651 426 712 beatos
447 651 635 711 haberemus.
681 649 767 721 Quod
796 648 822 710 si
855 648 896 710 ita
919 657 974 719 est,
996 668 1065 710 vere
1088 669 1179 730 expo-

88 736 166 798 ·sita
189 735 240 795 illa
262 735 410 796 sententia
434 743 480 795 est
501 734 538 795 ab
560 734 706 813 Epicuro:
731 735 947 813 qnod‘bectnm
968 745 1182 816 aeternumque

61 826 67 836 ‘
108 826 157 892 sit,
194 821 226 881 td
246 838 301 880 nec
323 820 432 880 babere
453 822 553 899 ipsam
574 822 688 896 negotii
707 819 867 898 quidquem
893 837 946 879 nec
969 819 1111 880 celtibera
1132 821 1182 882 al-

108 908 185 967 teri:
212 908 313 984 itaque
333 922 426 984 neque
442 900 498 963 ‘ira
519 922 612 983 neque
633 906 734 981 gratio
757 906 869 976 teneri,
893 904 987 983 qnod,
1007 922 1084 984 puae
1107 905 1183 966 talia

108 997 219 1060 essent,
247 987 396 1050 imbecillo
424 997 524 1048 essent
547 992 656 1048 omnia.
700 986 733 1047 Si
757 986 831 1047 nihil
854 986 933 1047 aliud
947 1005 1179 1065 quaereremus,

107 1072 166 1137 nisi
189 1083 222 1133 ut
243 1074 317 1133 deos
339 1071 389 1149 pie
411 1071 578 1132 coleremus
614 1082 645 1132 et
672 1079 704 1131 ut
724 1071 940 1148 superstitione
972 1071 1179 1147 liberaremur,

53 1183 82 1221 ,·
108 1157 180 1218 satis
203 1167 267 1217 erat
289 1149 419 1229 dictdm3
441 1174 510 1215 nam
533 1164 563 1217 et
573 1165 731 1234 praestans
753 1155 880 1214 deorum
899 1165 1002 1215 natura
1025 1155 1181 1218 bominum

106 1241 218 1320 pietate
241 1240 398 1316 coleretur,
421 1258 513 1318 quum
527 1248 557 1300 et
578 1249 698 1301 aeterna
718 1247 799 1300 esset
821 1247 851 1298 et
866 1237 1055 1299 beatissima:
1090 1241 1182 1302 habet

107 1325 187 1385 enim
209 1325 434 1386 venerationem
456 1324 576 1397 iustam,
600 1323 745 1403 quidquid
760 1322 893 1400 excellit3
917 1333 947 1383 et
968 1331 1065 1394 motus
1080 1324 1178 1384 omnis

107 1428 123 1471 a
145 1409 174 1469 vi
197 1416 287 1487 atque
308 1408 353 1469 ira
376 1408 500 1469 deorum
514 1407 620 1486 pulsus
632 1416 728 1469 esset:
751 1406 928 1484 intelligitur
942 1406 1031 1478 enim,
1055 1427 1072 1468 a
1092 1407 1180 1469 beata

107 1493 327 1570 immortalique
349 1502 455 1553 natura
469 1500 500 1552 et
521 1492 596 1553 iram
618 1501 648 1553 et
669 1492 794 1569 gratiam
808 1491 974 1570 segregari3
998 1491 1105 1569 quibus
1128 1511 1180 1553 re-

106 1577 197 1638 motis
220 1576 318 1637 nullos
340 1595 357 1636 a
379 1576 498 1655 superis
520 1576 694 1655 impendere
716 1586 824 1637 metus.
869 1577 929 1636 Sed
948 1575 985 1636 ad
1007 1576 1085 1636 hanc
1107 1576 1179 1636 con-

106 1660 282 1722 firmandam
306 1659 481 1738 opinionem
503 1661 648 1739 anquirit·
657 1660 775 1722 animus
797 1667 828 1720 et
848 1661 977 1720 formam
994 1668 1024 1721 et
1035 1660 1113 1721 ritae
1129 1679 1178 1722 ao·

107 1744 220 1805 tionem
242 1743 411 1823 mentisque
434 1745 625 1822 agitationem
648 1745 679 1804 in
701 1745 789 1807 deo.
812 1746 854 1805 hc
878 1745 914 1806 de
937 1745 1033 1805 forma
1055 1744 1175 1824 quidem
1189 1743 1236 1813 18

106 1830 214 1908 partim
230 1837 334 1901 natura
350 1847 406 1889 nos
419 1829 568 1902 admonet,
590 1828 699 1907 partim
711 1829 787 1890 ratio
801 1830 900 1890 docet.
944 1829 1049 1888 Nama
1072 1840 1222 1891 naturate
1272 1884 1274 1889 ,

105 1912 251 1974 habemus
276 1931 379 1973 omnes
402 1912 536 1973 omriinm
558 1912 690 1990 gentium
711 1912 845 1990 speciem
867 1910 980 1972 nullam
1004 1911 1092 1972 aliam
1120 1913 1178 1976 nisi

105 1996 265 2057 humanam
290 1997 425 2058 deorum.
470 1996 554 2069 Quae
587 1996 666 2057 enim
689 1992 745 2057 alia
769 1996 864 2057 lorma
887 1994 1019 2056 occurrit
1040 2015 1180 2075 umquam

106 2089 157 2141 aut
177 2075 312 2158 vigilanti
326 2081 465 2160 cuiquam
482 2089 534 2142 aut
555 2077 740 2141 dormienti?
762 2081 832 2153 Sed,
864 2099 902 2141 ne
925 2079 1023 2140 omnia
1036 2098 1180 2142 reuocen-

106 2173 154 2226 tur
181 2166 219 2226 ad
240 2165 354 2244 primas
376 2167 526 2238 notiones,
548 2166 697 2234 ratiohoc
719 2165 799 2225 idem
821 2158 888 2244 ipsa
921 2164 1061 2225 declarat.
1105 2166 1179 2227 Nam
1194 2178 1224 2227 47

106 2268 197 2328 quum
231 2250 522 2329 praestantissimam
553 2258 703 2321 naturam,
744 2250 788 2309 vel
824 2249 892 2328 quia
928 2249 1017 2309 beata
1051 2257 1098 2309 est
1133 2251 1180 2312 vel

107 2333 175 2412 quia
209 2333 408 2412 sempiterna,
438 2333 598 2395 convenire
620 2334 756 2394 videatur
787 2335 913 2394 eandem
950 2351 1018 2394 esse
1039 2333 1181 2410 pulcher-

105 2417 222 2489 rimam,
247 2435 322 2495 quae
341 2417 520 2496 compositio
543 2417 754 2490 membrorum,
779 2435 854 2495 quae
867 2415 1065 2477 conformatio
1087 2416 1180 2480 linea·

106 2533 146 2582 dic
153 2531 306 2582 Parentheae
314 2533 512 2583 unterbrocbene
519 2533 569 2582 und
576 2532 621 2583 mit
696 2538 756 2585 vitoe
774 2537 894 2596 actionem,
913 2532 963 2581 wie
981 2530 1000 2591 l,
1021 2533 1041 2589 l,
1058 2533 1074 2583 2
1092 2549 1117 2581 u.
1133 2534 1175 2593 37,

104 2599 621 2665 ipitnrwiedernulgcnommeneStruotur
665 2602 713 2651 103
741 2599 797 2651 blos
831 2598 1083 2649 Lebensweise.
1139 2599 1179 2651 Zu

105 2667 179 2717 sollte
210 2683 272 2726 nun,
311 2668 336 2716 in
363 2667 621 2730 Uebereinstimmung
663 2669 723 2718 thun
743 2667 825 2718 huben
842 2667 952 2733 Epiliurs
971 2666 1062 2717 Gdtter
1077 2663 1176 2718 Nicbts.

104 2735 151 2784 mit
164 2733 219 2784 dein
234 2735 616 2798 vorangegangeuensmztheil.
696 2731 746 2792 18.
772 2736 813 2787 46.
840 2740 947 2787 occurrit.
982 2733 1050 2784 Wie·
1064 2734 1118 2783 dies
1145 2752 1179 2786 zu

105 2801 341 2851 ebenlullsdenlul.
354 2807 546 2860 boberesetzen3
559 2803 622 2852 aber
663 2804 799 2852 verstcheu
816 2801 867 2860 sei,
894 2802 961 2851 wird
979 2801 1005 2866 ᾗ.
1025 2804 1058 2853 49
1077 2801 1175 2863 anigen.

106 2868 185 2930 dergl.
212 2869 416 2930 Ahweiohnugen
440 2872 503 2920 uach
526 2870 621 2920 Puren-
696 2888 725 2922 oe
743 2875 821 2922 omnio
836 2878 970 2921 revocentur
987 2873 1018 2920 od
1042 2873 1109 2933 prim.
1134 2887 1179 2921 oo·
1272 2910 1275 2915 .

105 2937 193 2986 tbeseu
217 2935 273 2989 siud
297 2936 389 2985 ebeuso
416 2937 501 2999 bdelig
524 2929 620 2987 als‘er·
663 2941 752 3000 tiones,
769 2936 803 2984 d.
830 2933 855 2984 b.
881 2950 921 2984 um
946 2934 1014 2984 nicht
1037 2933 1107 2983 Alles
1131 2950 1180 2986 nur

104 3001 220 3053 lddrliob.
663 3003 742 3059 durch
759 3002 889 3064 Berulung
906 3001 953 3050 aul
968 3000 1008 3051 dio
1029 3009 1114 3051 ersten
1132 3002 1179 3053 Be·

140 3077 168 3123 eb
185 3075 294 3137 Epicuro.
329 3069 357 3119 ln
375 3069 423 3119 den
441 3086 495 3133 sog.
514 3067 620 3136 κυρίαις
663 3069 735 3132 grillo
753 3086 785 3119 zu
802 3069 955 3131 begrdndcn.
977 3068 1040 3118 <nie
1064 3076 1180 3120 ersten

106 3133 198 3194 δόξαις
215 3146 246 3200 (a.
268 3153 289 3186 o.
311 3139 351 3195 30,
373 3140 416 3200 85)
434 3139 458 3187 d.
480 3139 503 3187 b.
525 3138 619 3205 llaupt·
662 3137 819 3199 Begril'l'o
850 3136 905 3186 siud
934 3136 975 3185 dio
1002 3136 1066 3185 oben
1090 3136 1175 3203 bespr.

106 3208 192 3254 siitzen
211 3206 295 3255 seiuer
312 3205 408 3264 Lehre,
435 3206 475 3256 die
493 3206 566 3267 Diog.
586 3205 636 3254 L.·
661 3200 820 3273 προλήψεις.
845 3200 958 3257 Velleius
976 3203 1029 3254 will
1044 3219 1101 3261 nun,
1122 3220 1178 3254 was

104 3271 501 3328 X,139ll.aulbewnhrthat.
533 3272 618 3323 Gleioh
662 3273 687 3322 iu
712 3272 799 3322 diesen
816 3272 965 3335 gegeben
988 3271 1028 3329 ist,
1061 3272 1124 3320 auch
1152 3272 1178 3321 in

106 3339 153 3395 der
169 3346 237 3388 orste
254 3355 303 3389 von
314 3340 400 3391 diesen
408 3341 505 3391 lautet:
526 3336 557 3389 τὸ
567 3358 620 3408 μα·
662 3338 940 3390 dialelrtischechise
954 3340 1031 3388 durch
1041 3338 1178 3390 Vernunh-

105 3401 202 3485 adp'eov
227 3403 283 3487 καὶ,
296 3401 448 3489 ἄφθμρτιίν
471 3403 533 3459 οὔτε
552 3402 617 3458 αὐτὸ
662 3405 1173 3484 schldsseundFolgerungendarthuu,

78 3473 619 3611 1netenetantanto:
662 3472 1179 3605 lathnlgtltltttlttitt.tt·

103 3606 202 3676 ἐχεται·
213 3602 365 3660 iudanon
379 3607 434 3678 γὰρ
451 3613 509 3662 πᾶν
521 3608 553 3662 τὸ
566 3627 620 3660 τοι-
697 3613 739 3662 47.
761 3615 854 3662 eoadem
873 3629 922 3662 esse
937 3613 1015 3675 poleb.
1048 3606 1073 3655 S·
1093 3623 1118 3655 v·
1139 3606 1177 3656 als

106 3676 195 3725 οὗτον.
425 3692 433 3709 ·
663 3683 717 3729 item
738 3681 916 3743 pulcherrimam
939 3693 1005 3727 esee:
1034 3673 1085 3723 wie
1104 3673 1173 3724 Brut.

130 3742 207 3796 'habet
229 3748 403 3796 venerationem.
440 3745 526 3796 S.‹au
550 3761 572 3795 c.
593 3748 616 3803 5,
664 3747 710 3797 84:
732 3747 783 3798 Noa
801 3763 878 3796 omnes
892 3747 932 3810 qui
942 3747 1017 3804 attice,
1037 3746 1108 3793 iidem
1120 3747 1176 3793 bene

106 3812 146 3862 12.
162 3837 194 3847 -
205 3809 241 3859 lm
252 3810 321 3874 Folg.
335 3811 455 3862 verbinde
473 3828 529 3863 man
546 3822 621 3866 metas
663 3817 750 3869 dicant.
774 3811 849 3860 Diese
862 3809 1026 3870 huwendung
1043 3809 1087 3858 des
1099 3808 1173 3858 Pron.

105 3897 119 3930 o
137 3882 175 3940 aa';
193 3877 243 3928 wic
260 3890 359 3931 metune
371 3884 400 3932 ab
415 3884 502 3947 aliquo,
521 3895 568 3931 vor
578 3879 621 3930 Je-
663 3879 697 3929 lst
720 3879 804 3940 baiulig
829 3878 878 3927 und
896 3876 977 3942 ulcicht
999 3891 1033 3925 zu
1048 3876 1173 3926 crhldreu.

104 3944 179 3994 mand
197 3945 290 3996 Furcht
309 3947 398 4000 baben.
663 3946 720 4010 Vgl.
741 3945 828 4007 Reisig
846 3944 871 4010 ξ.
892 3945 950 3996 210.
