2640 4418
458 350 850 406 meridionalem.
1079 391 1082 395 ,
1130 341 1189 403 123

122 508 197 571 nihil
220 514 267 568 est
298 504 470 579 difficilius,
505 522 631 583 quama
662 504 877 566 consuetudine
909 478 1064 568 oculorum
1097 506 1190 568 aciem

43 609 48 615 “
121 593 231 654 mentis
254 590 412 652 abducere.
455 589 498 650 Ea
530 589 690 650 difficultas
724 583 862 649 induxit
869 596 899 649 et
924 590 1020 668 vulgo·
1034 591 1191 670 imperitos

122 685 152 738 et
172 675 288 736 similes
309 674 521 754 philosophos
530 673 744 752 imperitorum,
767 680 808 748 ut,
830 673 889 735 nisi
912 675 1016 752 figuris
1037 675 1193 736 hominurn

122 759 304 832 constitutis,
328 758 403 819 nihil
416 765 544 837 possent
556 758 593 818 de
607 757 666 818 dus
677 757 895 818 immortalibus
919 759 1062 836 cogitare.
1100 759 1192 821 Cuius

123 843 276 923 opinionis
307 842 411 904 levitas
442 841 592 901 conlatata
620 862 637 903 a
660 841 715 902 Cot
703 848 745 901 tta
767 859 828 901 non
851 841 1003 904 desiderat
1025 842 1193 904 orationem

121 946 229 989 meam.
274 928 334 989 Sed
368 944 459 1020 quum
495 924 585 1005 talem
611 943 679 985 esse
716 925 804 986 deum
838 935 919 987 certa
954 927 1078 989 notione
1101 927 1193 988 animi

79 1007 83 1010 ’
122 1010 376 1092 praesentimus,
410 1008 540 1088 primum
562 1016 595 1071 ut
616 1008 657 1069 sit
678 1009 830 1081 animans,
865 1009 991 1090 deinde
1002 1011 1088 1071 utin
1111 1011 1193 1073 omni

121 1104 226 1157 natura
236 1095 324 1170 nihil
347 1112 383 1155 eo
406 1093 448 1154 sit
467 1093 684 1172 praestantius:
709 1055 846 1154 adilane
867 1094 1115 1190 praesensionem
1137 1114 1193 1155 no-

123 1180 294 1257 tionemque
316 1186 469 1238 nostram
485 1177 559 1237 nihil
592 1177 679 1238 video
711 1177 791 1256 quod
821 1177 922 1261 potius
959 1179 1192 1253 accommodem,

123 1282 211 1359 quarn
233 1274 267 1323 ut
288 1263 417 1353 primum
439 1262 519 1321 hunc
541 1255 708 1340 ipsum
653 1262 805 1337 mundum,
829 1278 888 1340 quo
909 1261 985 1334 nihil
1007 1263 1073 1323 lieri
1096 1264 1193 1324 excel·

104 1348 193 1408 'lent
173 1357 233 1407 trus
255 1354 365 1425 potest,
377 1344 570 1425 animantem
587 1364 655 1408 esse
678 1352 712 1423 et
730 1332 817 1425 deum
840 1345 981 1407 iudicem.
1007 1346 1081 1406 llic
1105 1357 1237 1425 quamdo

105 1429 202 1491 'volet
221 1430 369 1509 Epicurus
392 1416 517 1500 iocatur,
540 1412 640 1490 homo
673 1448 733 1490 non
770 1418 945 1509 aptissimus
976 1429 1012 1490 ad
1035 1429 1194 1491 iocandum

122 1514 313 1592 minimeque
327 1513 475 1592 resipiens
490 1513 626 1592 patriam,
648 1520 679 1583 et
692 1512 772 1574 dicat
794 1534 825 1575 se
839 1533 898 1574 non
911 1532 1001 1593 posse
1016 1513 1193 1592 intelligere,

124 1597 220 1693 qualis
253 1598 293 1659 sit
314 1597 455 1659 volubilis
478 1606 508 1660 et
529 1597 676 1657 rotundus
699 1597 789 1658 deus:
826 1606 924 1659 tamen
949 1617 983 1659 ex
1006 1598 1080 1670 hoc,
1115 1599 1195 1676 quod

123 1682 214 1743 etiam
237 1682 302 1760 ipse
325 1680 447 1760 probat,
480 1698 640 1775 numquam
672 1699 718 1741 me
741 1681 880 1749 movebit
924 1682 1027 1744 Placet
1049 1683 1129 1743 enim
1151 1682 1196 1743 illi

124 1784 191 1827 esse
214 1766 304 1838 deos,
343 1765 412 1842 quia
448 1782 574 1826 necesse
607 1764 648 1825 sit
668 1774 869 1843 praestantem
900 1786 967 1835 esse
990 1746 1120 1844 aliquam
1142 1785 1195 1826 na-

125 1863 229 1920 luram,
264 1867 322 1928 qua
355 1847 429 1909 nihil
463 1849 502 1908 sit
523 1847 640 1908 melius
684 1848 794 1908 Mundo
828 1858 924 1909 autem
949 1859 1028 1910 corte
1051 1850 1127 1910 nihil
1150 1858 1197 1910 est

88 2007 92 2012 v
126 1933 244 1994 melius
277 1933 351 1994 Nec
374 1932 507 2002 dubium,
531 1931 613 2010 quin,
637 1931 717 2010 quod
734 1950 868 1993 ammaus
882 1933 922 1993 sit
943 1933 1110 2011 habeatque
1126 1951 1194 1992 sen
1208 1943 1238 1993 47

124 2037 189 2078 sum
213 2025 243 2078 et
264 2017 412 2078 rationem
436 2025 465 2078 et
485 2027 631 2089 mentem,
668 2016 698 2075 id
722 2016 762 2076 sit
784 2016 889 2076 melius
929 2035 1017 2095 quam
1040 2016 1080 2088 id,
1116 2017 1196 2096 quod

124 2103 172 2162 his
196 2108 305 2163 careat.
348 2103 392 2162 lta
416 2101 545 2162 eflicitur
567 2100 763 2168 animantem,
786 2119 903 2173 sensus,
927 2100 1046 2172 mentis,
1070 2101 1196 2160 rationis

126 2196 295 2265 compotem
318 2204 386 2246 esse
409 2185 567 2246 mundum:
598 2203 655 2263 qua
677 2185 810 2257 ratione,
841 2184 929 2246 deum
952 2203 1020 2245 esse
1041 2186 1195 2257 mundum,

125 2270 323 2330 concluditur.
369 2269 428 2330 Sed
451 2269 525 2330 haec
556 2268 656 2348 paullo
688 2276 758 2347 post
779 2269 898 2329 facilius
921 2277 1140 2347 cognoscentur
1162 2288 1198 2329 ex
1231 2284 1234 2291 ·

125 2353 163 2413 iis
196 2353 316 2414 rebus'
308 2352 394 2431 ipsis,
428 2370 502 2431 quas
535 2352 664 2412 mundus
697 2352 800 2413 elficit.
844 2354 970 2424 Interea,
993 2351 1097 2459 llellei,
1120 2353 1192 2426 ιιοιι,
1208 2348 1253 2418 18

158 2481 201 2542 17
222 2488 264 2537 45.
285 2494 347 2538 certo
363 2489 457 2536 notione
474 2503 511 2535 on
527 2498 638 2562 proesen-
681 2483 791 2533 nachher
825 2484 902 2534 durch
937 2453 1108 2553 accommodare
1137 2499 1195 2535 aus·
1237 2488 1248 2502 ‘

62 2547 65 2567 ⁸
124 2559 216 2605 ticmcs.
251 2552 343 2602 Dieser
359 2551 507 2608 Ausdruck,
528 2551 579 2600 wie
597 2550 646 2600 die
668 2551 780 2601 ιιιιιιιιιι.

83 2662 87 2669 .
125 2620 258 2683 folgenden
278 2624 464 2697 praesensionem
479 2624 639 2698 notionemque
712 2626 812 2685 primum
830 2624 915 2670 innc'
906 2637 949 2684 aps.
969 2623 1048 2672 mund.
1074 2617 1127 2668 uas
1141 2626 1195 2669 ent·
1280 2639 1284 2642 ·

124 2699 239 2747 nostram,
274 2689 343 2750 geht
356 2685 404 2736 aul
426 2685 466 2735 dic
491 2681 635 2765 πρόληψις,
681 2687 833 2752 sprechende
853 2691 935 2738 deinde
953 2685 1021 2736 fehlt.
1051 2686 1095 2735 Als
1112 2686 1196 2736 Znei·

124 2756 221 2805 welche
240 2755 280 2804 die
294 2754 396 2804 Stoilier
413 2753 510 2802 ahnlich
527 2753 578 2803 wie
597 2753 638 2802 die
681 2761 720 2802 tes
745 2753 834 2804 sollten
865 2753 977 2802 offenbar
1006 2754 1046 2802 die
1075 2753 1194 2803 Gestirne
1300 2799 1303 2803 .

126 2822 431 2886 Epikureerannahmen.
458 2819 572 2878 Saul,
596 2824 635 2878 17,
682 2820 779 2883 folgen,
807 2821 870 2870 aber
892 2820 1195 2882 iiberderlriereinge-

125 2891 159 2939 44
176 2888 227 2937 und
247 2889 286 2944 16,
307 2889 369 2937 37.
388 2886 430 2935 Sie
451 2886 486 2935 ist
503 2887 559 2936 eine
611 2903 627 2936 v
681 2887 1027 2965 sclrobenenExpectoration
1045 2887 1195 2952 geganpi-

113 2950 185 3015 ’σικὴ
205 2950 306 3010 ἔννοια,
327 2952 393 3001 die'
385 2967 410 3000 ιιι
429 2953 475 3001 der
484 2952 557 3002 Seele
576 2903 638 3002 ddne
681 2945 745 3002 kur'
752 2953 797 3004 hat
820 2952 872 3004 Cic.
899 2952 940 3001 die
966 2953 1041 3001 Fomn
1065 2953 1111 3003 der
1133 2953 1195 3003 Aul·
1258 2977 1260 2982 .

125 3021 264 3071 besondere
278 3018 470 3081 Unterweisung
488 3017 639 3069 oderNaoh-
681 3018 789 3081 zihlung
812 3035 840 3068 so
867 3034 952 3081 ganz
950 3017 1004 3069 'aus
1033 3020 1080 3068 den
1106 3019 1195 3082 Augen

127 3089 231 3147 denken,
254 3082 317 3138 ἄνευ
335 3083 510 3140 διδασκαλίας
524 3082 569 3134 καὶ
582 3081 638 3135 inc·
680 3086 805 3144 verloren,
828 3087 891 3136 dass
904 3077 955 3136 sich
975 3087 1090 3145 nachher,
1111 3103 1153 3136 wo
1167 3103 1196 3138 er

148 3154 238 3214 ελείας,
260 3156 307 3206 ιιι
322 3154 460 3235 ιιιιιιιιιιιιιι
485 3154 535 3202 und
552 3154 639 3202 kunst·
682 3154 728 3203 auf
743 3153 783 3203 die
802 3153 919 3206 Gestirne
937 3154 1042 3212 lomna,
1064 3169 1111 3217 gar
1128 3155 1196 3205 nicht

124 3173 179 3273 ldse
197 3222 303 3280 Weise,
332 3215 557 3288 ἀνεπιτεχνήτως,
585 3228 639 3270 ent·
681 3220 772 3271 einmnl
797 3221 837 3271 ein
866 3220 1030 3272 sclrieldicher
1053 3221 1125 3272 Platz
1154 3223 1195 3272 liu·

126 3292 201 3340 steht
238 3290 303 3341 Plut.
330 3290 393 3354 plac.
422 3288 481 3354 phil.
504 3287 522 3346 l,
546 3291 585 3338 11
606 3315 639 3325 -
683 3290 728 3339 das
746 3293 829 3342 deinde
846 3288 931 3340 findet.

128 3358 233 3419 Solelren
258 3356 412 3406 uaturliclren
430 3355 577 3418 Vorbegriff
597 3356 641 3404 hat
716 3357 757 3407 46
783 3361 919 3422 minimeque
948 3360 1060 3422 resipiens
1087 3363 1195 3423 patriam,

127 3441 176 3474 nun
194 3425 240 3473 der
249 3424 350 3474 Mensch
369 3424 432 3474 auch
449 3439 498 3473 von
516 3424 562 3473 der
570 3422 640 3473 Gott
681 3423 707 3472 d.
727 3424 751 3472 h.
777 3426 881 3475 Atticam
916 3422 988 3473 Benn
1013 3426 1081 3474 Attici
1105 3432 1197 3487 praeter

126 3492 179 3541 lreit
209 3491 257 3540 und
283 3491 317 3541 ist
337 3507 386 3540 von
413 3491 459 3540 der
487 3489 641 3552 flichtiglieit
683 3499 769 3542 ceteros
787 3495 811 3541 in
829 3495 920 3556 [aretiis
939 3493 1066 3551 excellunt,
1094 3487 1146 3537 Cic.
1166 3489 1197 3537 de

127 3559 259 3608 desselben
276 3557 437 3633 uumitlelher
455 3559 505 3607 und
523 3556 640 3607 ohneBc-
684 3557 727 3606 Or.
754 3557 784 3614 11,
815 3559 855 3612 54,
883 3559 941 3608 217.
987 3555 1070 3605 Ueber
1097 3560 1198 3622 resipere

86 3618 94 3631 '
125 3626 189 3676 weis
224 3622 382 3688 ιιιιιιιιιιιιςιιι
409 3625 487 3689 jeden
523 3626 640 3677 seruereu
682 3623 733 3705 vgl.
755 3621 818 3674 Gell.
839 3623 882 3681 111,
902 3626 933 3675 3:
965 3625 1016 3675 Νοιι
1042 3626 1136 3674 dubium
1154 3632 1196 3686 est,

126 3691 385 3743 wissenschallliclrcu
403 3692 500 3754 Begrili
515 3692 641 3743 derGott-
684 3696 739 3768 quin
770 3696 830 3743 istoc
858 3695 950 3758 subolae
978 3694 1091 3755 resipiant
1120 3693 1199 3742 stilum
1223 3689 1226 3692 ’

128 3761 181 3810 hait
199 3760 260 3811 aber
277 3761 343 3810 kann
362 3774 391 3809 cr
407 3774 454 3808 nur
467 3760 578 3810 insolern
589 3759 641 3822 gel·
683 3757 821 3812 Ploitinum

67 3828 169 3885 ten
186 3827 282 3886 lassen,
311 3827 348 3876 als
371 3841 401 3876 er
418 3826 484 3874 ihu
473 3843 559 3891 penem
577 3827 642 3878 Vor-
718 3828 760 3877 47
776 3828 934 3891 ponliopost.
969 3820 1195 3883 Nomionem,

93 3895 231 3961 begriffe
262 3893 443 3974 entsprechond
470 3843 561 3952 dodel
599 3895 641 3943 ilrn
685 3891 760 3945 oen.

47 3954 119 4051 ss'..
128 3963 205 4012 demit
229 3962 375 4025 vereinigen
398 3962 477 4020 kann,
507 3977 562 4012 was
587 3960 639 4011 Cic.
718 3955 769 4016 18
788 3962 838 4011 ιιοιι
853 3977 909 4024 proc
927 3967 949 4010 te
965 3966 1040 4024 sare:
1066 3956 1153 4053 „trag'
1171 3971 1199 4006 es
1242 3998 1248 4004 .
