2640 4418
438 339 500 390 333.
521 338 552 389 n.
574 339 646 390 333.
668 342 709 411 ss.
730 342 771 391 33.
792 342 833 392 33.
1112 320 1170 389 171

102 511 183 553 mus:
207 484 223 552 3
247 511 305 570 quo
330 510 419 570 quum
443 510 535 552 sonus
558 504 605 552 est
627 500 782 570 acceptus,
812 492 901 552 etiam
925 511 941 552 3
964 510 1070 552 somno
1093 493 1173 553 enci

103 584 209 637 3333333·
253 576 431 640 Flexuo'sum
464 576 522 636 iter
554 575 657 647 1333333,
691 575 822 654 nequid
845 576 967 636 33333333
1001 584 1112 671 333333,
1146 577 1173 637 33

103 653 230 738 simplex
253 669 283 720 33
304 661 449 721 directum
470 668 601 738 pateret;
626 659 777 736 provisum
801 658 900 730 333333,
924 669 963 730 31,
987 659 1013 720 33
1037 679 1094 738 qua
1117 661 1172 721 mi-

103 743 183 805 nima
207 744 332 804 bestiola
354 744 512 804 conaretur
534 743 709 821 irrumpere,
743 743 773 802 33
796 744 935 804 33333333
958 744 1075 804 aurium
1097 753 1172 805 tam-

105 846 193 906 quam
228 827 258 888 in
281 828 362 888 33333
395 827 627 888 33133333333333.
672 828 760 887 Extra
794 835 892 887 autem
927 827 1060 888 eminent
1097 847 1173 906 quae

102 912 289 1007 appellantur
310 930 408 980 aures,
432 918 462 971 33
483 910 611 987 tegendi
616 929 722 971 caussa
745 911 841 971 333333
858 911 1031 989 tutandique
1054 919 1172 986 sensus,

103 1004 133 1055 et
154 1014 191 1056 ne
225 986 358 1056 adiectae
392 1013 481 1054 voces
514 993 686 1055 laberentur
718 1006 807 1072 atque
829 1006 965 1055 33333333
996 995 1171 1075 priusquam

72 1086 74 1091 ’
103 1096 209 1140 333333
246 1079 282 1139 ab
306 1080 352 1139 his
374 1078 479 1157 pulsus
503 1088 592 1147 esset
636 1079 708 1139 Sed·
730 1079 822 1138 duros
845 1086 875 1138 33
897 1078 983 1156 quasi
1014 1081 1173 1141 corneolos

101 1163 212 1223 habent
244 1163 384 1226 introitus
417 1162 578 1241 multisque
602 1180 668 1223 cum
697 1162 840 1233 nexibus,
875 1162 955 1240 quod
978 1163 1026 1224 his
1059 1166 1172 1225 naturis

103 1247 213 1308 relatus
235 1247 435 1325 amplificatur
462 1266 565 1307 sonus
610 1247 757 1319 Quocirca
780 1254 809 1307 et
832 1246 861 1306 in
884 1247 995 1307 fidibus
1023 1249 1173 1309 testudine
1213 1316 1217 1321 ,

101 1339 259 1391 resonatur
292 1339 467 1403 33333333,
501 1340 586 1391 etex
618 1331 762 1391 tortuosis
794 1312 870 1390 locis
895 1339 922 1390 et
956 1327 1081 1391 inclusis
1104 1332 1171 1392 3333

102 1415 271 1475 referuntur
293 1414 463 1492 ampliores.
507 1414 654 1474 Similiter
676 1433 774 1484 33333,
807 1432 883 1492 quae
906 1434 1026 1492 semper
1046 1424 1229 1510 3333333115

102 1498 288 1559 33333333333
322 1498 465 1559 utilitates
498 1498 858 1576 patentcoutraotiores
888 1499 999 1559 habent
1020 1499 1171 1578 introitus,

102 1600 139 1643 ne
162 1581 233 1659 quid
258 1583 288 1647 33
311 1600 370 1653 333,
395 1582 475 1659 quod
499 1590 613 1655 333331,
635 1583 734 1660 333331
755 1584 933 1661 3333331333,
956 1583 1172 1663 humoremque

102 1684 221 1743 semper
238 1664 362 1736 13333333,
395 1666 431 1725 33
462 1665 615 1743 pulverem
648 1666 799 1743 multaque
821 1667 892 1744 alia
912 1667 1088 1745 depellenda
1112 1685 1173 1728 non

102 1750 246 1811 inutilem.
291 1749 431 1809 Gustatus
453 1749 607 1828 praeclare
630 1757 751 1827 saeptus
775 1758 835 1809 est:
853 1768 910 1823 ore
933 1751 1012 1811 333333
1036 1748 1171 1812 contine-

103 1841 158 1908 tur,
182 1841 211 1894 et
233 1834 270 1894 ad
293 1852 379 1894 usum
403 1841 470 1912 3333
494 1842 523 1893 31
544 1833 580 1895 33
598 1833 810 1893 incolumitatis
829 1834 1005 1893 custodiam.
1051 1835 1171 1896 Omnis-

103 1937 160 1996 que
193 1936 301 1979 sensus
332 1918 486 1978 hominum
526 1918 618 1977 multo
653 1902 804 1977 3333331131
836 1916 974 1976 sensibus
997 1917 1170 1979 bestiarum.

102 2002 232 2063 Primum
255 2002 334 2062 enim
357 2002 466 2062 33313
459 2020 490 2061 33
513 2001 551 2061 333
574 2001 697 2073 artibus,
723 2019 845 2078 quarum
868 1999 1008 2086 iudicium
1031 2009 1077 2060 333
1099 2021 1170 2061 ocu·
1183 2000 1227 2073 58

101 2085 237 2160 13333,
230 2105 260 2145 33
283 2087 381 2165 333133,
410 2085 489 2146 33133
512 2085 693 2163 caelatisque
707 2084 854 2154 lormiss
845 2103 876 2144 m
900 2073 1060 2161 corporum
1083 2085 1172 2145 etiam

102 2171 235 2230 motione
258 2178 385 2248 atque„
370 2178 454 2230 σ3333
475 2169 567 2233 multa
591 2178 716 2229 cernunt
738 2167 894 2241 subtilins3
924 2168 1057 2228 colorum
1081 2170 1170 2230 etiam

101 2265 132 2315 et
152 2254 312 2331 figurarum
335 2265 396 2314 tum
419 2262 602 2315 venustatem
626 2262 713 2332 atque
736 2252 870 2313 ordinem
894 2261 931 2321 et,
956 2253 1040 2312 utita
1064 2253 1170 2327 dicam,

103 2339 268 2399 decentiam
291 2338 369 2398 oculi
392 2337 540 2399 iudicant:
572 2344 659 2414 atque
688 2336 776 2397 etiam
801 2335 856 2396 alia
880 2335 1003 2413 maiora,
1046 2337 1120 2396 Nam
1143 2347 1173 2396 et

79 2421 230 2482 ·virtutes'
245 2430 276 2492 33
297 2422 367 2482 vitia
389 2429 589 2499 cognoscunt:
614 2421 720 2480 iratum
742 2419 914 2498 propitium,
937 2420 1095 2480 laetantem
1119 2421 1171 2480 do-

102 2506 227 2577 lentem,
261 2508 369 2603 lortem
402 2506 553 2583 ignavum,
587 2506 729 2612 audacem
758 2503 954 2582 timidumque
977 2513 1171 2580 cognoscunt.

114 2646 193 2739 144
209 2690 242 2722 333
260 2677 316 2738 quid
334 2677 420 2723 intrare
435 2677 518 2738 333333,
539 2692 559 2724 33
570 2691 614 2738 33
656 2686 720 2728 meu,
743 2671 802 2720 dass
820 2670 865 2720 dus
885 2669 1000 2732 fulgendo
1014 2679 1034 2720 ot
1044 2675 1171 2722 decentium

103 2748 164 2791 teret.
199 2738 252 2788 Der
270 2739 564 2800 abgekdrztedusdruck
582 2739 615 2788 ist
658 2737 1171 2793 33333333333331333313133,3331333331

102 2821 134 2854 zu
152 2808 290 2866 33333333,
313 2814 380 2856 etwu
398 2806 476 2855 durch
495 2813 556 2872 quod
574 2811 614 2870 fie-
658 2807 715 2855 333
715 2804 789 2862 Sino,
813 2805 845 2853 dn
863 2809 966 2856 33333333
984 2804 1047 2852 eben
1065 2819 1112 2852 333
1130 2804 1170 2852 cin

103 2883 137 2923 ret
155 2873 217 2921 oder
233 2878 284 2936 fieri
300 2881 391 2938 333333,
413 2878 434 2923 ss?
449 2883 497 2953 333.
532 2873 614 2922 33133-
658 2873 767 2921 3333333
792 2871 924 2920 Ausdruck
952 2871 993 2918 333
1017 2879 1124 2920 33333333
1149 2881 1170 2921 33

102 2938 151 2988 tion
170 2937 233 2988 (tell.
256 2938 284 2995 V,
308 2941 352 2990 19:
383 2947 429 2990 tam
455 2944 505 2990 iure
522 2944 615 3004 1333333
658 2943 714 2990 ordo
726 2938 766 2987 333
796 2936 884 2986 Cicero
898 2937 1013 2985 3333133333
1028 2932 1083 2984 13333
1096 2937 1170 2984 313313

102 3010 165 3071 tilius
183 3011 233 3068 3331,
254 3011 360 3071 quamsi
378 3022 449 3057 3333
467 3013 614 3070 potronatus
658 3005 694 3066 333
712 3003 884 3067 geschrielren
921 3003 972 3052 Das
991 3001 1079 3058 Wort
1088 3007 1170 3055 33333·

102 3083 174 3136 osset,
203 3073 226 3121 d.
248 3074 271 3120 13.
293 3082 436 3138 quant-essct
453 3076 523 3136 31133,
543 3077 614 3124 st'-
656 3077 690 3123 tio
709 3071 750 3143 ist
778 3071 895 3132 31333333
923 3069 965 3119 333
1000 3069 1171 3131 3333333333-

137 3143 613 3192 3333333333--331331333333333
656 3117 733 3187 1331333
762 3138 810 3186 333
838 3153 886 3186 333
910 3135 999 3190 Cicero
1026 3137 1105 3187 selbst
1128 3152 1170 3200 ge-

137 3203 190 3262 58
213 3210 269 3258 145.
288 3211 361 3259 mutto
378 3216 471 3261 3333333
497 3210 613 3258 subtilius.
656 3207 774 3264 macutes,
795 3204 845 3254 wie
863 3206 926 3254 33313
945 3205 990 3253 333
1008 3214 1033 3256 ut
1051 3210 1171 3257 3333113333

102 3274 160 3325 111333
179 3274 240 3324 dart
254 3273 305 3322 33333
325 3274 392 3323 nicht
409 3276 525 3331 33133333,
548 3293 615 3340 quom
658 3274 782 3331 audeutat,
766 3281 845 3323 tum
860 3273 907 3322 den
917 3271 1014 3335 11333333
1021 3272 1067 3321 333
1078 3265 1170 3340 annot

102 3347 188 3394 bestiae
215 3341 427 3391 33333333331333.
464 3341 516 3392 1133
544 3341 615 3392 Cout-
677 3357 719 3390 εια
737 3342 948 3406 33133333333333·
969 3340 1166 3397 333333333133,

102 3409 202 3473 33333333
219 3408 309 3458 wird'
303 3425 327 3456 m
349 3408 414 3458 allon
433 3408 560 3475 Sprnobeu
578 3409 622 3458 333
682 3424 694 3458 3
713 3424 742 3458 33
759 3410 836 3459 durcb
860 3418 967 3460 33333133
991 3417 1011 3458 33
1039 3413 1094 3458 ordo
1113 3421 1171 3454 aus-

103 3491 131 3524 so
159 3476 307 3539 3313333333,
342 3477 401 3526 dass
426 3476 475 3525 ihm
503 3477 550 3526 333
570 3476 616 3525 333
658 3476 801 3530 zudriicken
820 3491 883 3525 war.

104 3542 198 3592 andern
217 3544 285 3593 Seite
304 3542 371 3592 nicht
388 3543 538 3602 333Ρ333333,
555 3559 616 3594 so-rr
692 3549 840 3609 timidumque
850 3551 996 3607 3333333333
1005 3541 1061 3590 Μ33
1072 3540 1169 3590 rnechte

104 3610 164 3658 dero
183 3611 238 3660 3333
256 3608 382 3671 Negation
404 3582 548 3672 3333331333
574 3625 616 3673 gc·
659 3609 703 3659 das
719 3610 829 3660 Verbum
848 3611 902 3658 13333·
920 3608 981 3657 3333
998 3608 1060 3656 13333
1078 3600 1174 3655 3331333

104 3677 178 3731 droht
195 3677 269 3726 wird
308 3677 333 3726 S.
344 3675 456 3726 Nitzsclr
475 3694 506 3726 zu
524 3677 615 3729 Plato's
658 3685 761 3742 gespart
751 3678 858 3726 toder
883 3676 928 3724 mit
962 3674 1041 3722 33333333
1075 3674 1169 3732 anderu

104 3743 186 3808 1333.
198 3746 237 3795 bb.
271 3743 330 3793 Also
350 3744 404 3793 33333
422 3749 530 3796 subtilius
549 3764 616 3815 quom
656 3746 803 3793 3333333313
836 3743 987 3794 eversorem
1035 3741 1096 3789 aber
1131 3741 1168 3789 3333

104 3815 616 3876 33331333,333333131133313133333333333
658 3811 751 3868 deuke,
783 3809 896 3859 anchin
915 3807 999 3856 333333
1017 3807 1170 3856 Wiedcrbo-

137 3888 184 3930 tum
207 3877 479 3931 33333333333-.1)33
504 3869 1170 3942 3313333-133333333313333303333331313333133-

103 3946 197 3995 cbcndc
222 3956 267 3997 tum
293 3944 468 4040 3331333333
493 3944 719 3993 33333313-13331
771 3980 775 3985 .
