2640 4418
505 345 567 397 Lttn
589 344 620 397 ll.
642 345 712 396 CAP.
734 348 774 397 60.
796 347 837 397 61.
1115 359 1120 365 ·
1148 338 1206 398 175
1232 406 1246 429 x

138 499 234 561 hibita
258 508 288 559 et
309 498 345 559 ad
368 495 562 574 mitigandum
585 497 683 557 cibum
707 497 833 568 utimur,
856 497 965 576 partim
989 499 1025 559 ad
1048 499 1207 562 aedifican-

138 583 226 658 dum,
248 591 280 643 ut
312 581 400 642 tectis
423 581 518 660 saepti
551 580 662 657 frigora
685 582 861 660 caloresque
883 581 1040 660 pellamus.
1064 584 1208 660 ‚Magnos
1221 596 1264 645 152

136 685 206 728 vero
228 685 302 728 usus
325 667 412 726 affert
444 666 479 724 ad
504 664 619 741 navigia
642 665 788 736 facienda,
826 684 952 745 quorum
974 667 1112 728 cursibus
1134 688 1206 747 sup·

135 751 315 829 peditantun
339 767 443 809 omnes
476 749 608 827 undique
641 750 677 810 ad
715 750 803 809 vitam
836 749 956 827 copiae:
991 769 1124 829 quasque
1156 771 1206 814 res

92 883 103 892 ,
135 833 369 920 violentissimas
400 839 504 905 natura
528 833 645 910 gennit,
677 851 778 893 earum
811 833 1046 895 moderationem
1070 854 1125 895 nos
1149 837 1204 898 soli
1293 852 1297 858 ’

102 992 106 1005 1
134 918 289 990 habemus,
312 917 404 978 maris
427 927 515 994 atque
549 923 721 988 ventorum,
754 926 878 995 propter
900 917 1082 979 nauticarum
1105 928 1204 981 'rerum

135 1001 306 1076 scientiam3
329 1001 527 1081 plurimisque
549 1001 707 1061 maritimis
720 1001 811 1060 rebus
832 1001 959 1073 fruimur
972 1010 1061 1081 atque
1085 1003 1203 1065 utimur.

134 1086 334 1148 Terrenorum
362 1086 433 1145 item
464 1085 688 1145 commodorum
711 1085 809 1145 omnis
836 1086 934 1145 estin
957 1086 1079 1148 homine
1108 1087 1203 1149 domi-

133 1181 231 1231 natus.
275 1170 337 1231 Nos
360 1168 489 1246 eampis,
513 1187 569 1229 nos
592 1168 744 1230 montibus
767 1168 908 1242 scalmum
931 1169 1119 1231 nostri-'sunt
1140 1191 1202 1233 am·

132 1273 204 1325 nm,
239 1253 333 1314 nostri
357 1253 455 1313 lacus:
489 1270 545 1312 nos
579 1254 678 1330 fruges
702 1252 845 1326 serimus,
879 1271 935 1312 nos
969 1254 1111 1328 arbores3
1145 1274 1201 1318 nos

133 1356 275 1416 aquarum
296 1335 521 1397 inductionibus
544 1336 632 1397 terris
661 1337 873 1398 fecunditatem
911 1339 1033 1412 damus;
1067 1357 1122 1399 nos
1144 1338 1200 1401 ttu-

132 1423 211 1482 mina
231 1439 376 1494 arcemus,
399 1419 564 1498 dirigimus,
587 1421 763 1494 avertimus3
787 1420 899 1494 nostris
914 1422 1044 1501 denique
1063 1423 1201 1485 manibus

131 1505 163 1564 in
185 1512 291 1566 rerum*
316 1513 420 1565 natura
453 1503 537 1582 quasi
561 1505 691 1583 {alteram
723 1501 859 1566 naturam
893 1506 1013 1567 efficere
1047 1525 1215 1568 conamun

131 1589 211 1661 Quid
233 1585 504 1650 carcinomatum
525 1588 604 1648 ratio
624 1606 684 1648 non
707 1589 738 1649 in
762 1591 876 1650 caelum
897 1610 993 1670 usque
1016 1588 1199 1668 penetravit?
1214 1588 1253 1659 lil

130 1673 193 1741 Soli
217 1673 296 1734 enim
319 1692 354 1734 ex
377 1671 574 1733 animantibus
597 1689 653 1731 nos
675 1680 822 1733 astrorum
846 1681 939 1745 ortus,
963 1675 1062 1736 obitus
1076 1695 1198 1736 cursus·
1214 1687 1257 1736 153

130 1757 419 1837 qneecognovimnm
451 1755 487 1815 ab
511 1755 663 1816 hominum
687 1772 796 1832 genere
819 1757 921 1818 finitus
945 1767 991 1819 est
1013 1759 1093 1831 ates,
1117 1779 1199 1820 men-

104 1834 183 1929 '·'sis,
206 1860 318 1914 annus;
342 1840 527 1927 delectiones
551 1839 624 1899 solis
648 1848 677 1899 et
699 1839 786 1900 lunae
810 1839 946 1915 cognitae
969 1826 1199 1920 praedictaeque

113 1925 158 1996 ln
182 1943 276 1994 omne
291 1933 444 2003 posterum
481 1932 606 2002 tempus,
642 1941 727 2000 quae,
761 1933 897 2001 quantae,
932 1925 1050 2001 quaudo
1084 1926 1199 1987 luturae

129 2009 199 2069 sint.
244 2009 328 2081 Quae
351 2016 496 2068 contuens
519 2008 635 2068 animus
653 2006 763 2085 accipit
785 2000 891 2067 all‘his
905 2007 1104 2084 cognitionem
1128 2010 1199 2071 deo·

127 2111 203 2164 rum,
228 2113 261 2152 ex
286 2112 342 2171 qua
365 2093 459 2153 oritur
480 2080 587 2171 pielas‚
611 2090 657 2152 cui
679 2091 839 2152 coniuncta
853 2090 967 2151 iustitia
991 2098 1037 2150 est
1051 2092 1198 2170 reliquae-

129 2177 343 2255 queritantes,
367 2176 513 2255 equibus
536 2176 594 2237 vita
617 2175 702 2236 beata
727 2175 844 2254 exsistit
864 2194 920 2254 par
942 2184 971 2236 et
994 2175 1103 2236 similis
1127 2178 1197 2238 deo-

127 2280 217 2334 rumy
240 2261 320 2322 nulla
355 2260 413 2322 alia
434 2279 478 2358 re¹
500 2261 558 2321 nisi
582 2259 814 2332 immortalitate,
849 2278 926 2338 quae
957 2258 1032 2320 nihil
1063 2261 1099 2319 ad
1122 2260 1198 2323 bene

163 2412 219 2462 152.
241 2419 314 2478 opert.
344 2409 396 2460 Das
411 2408 516 2474 Subject
531 2415 638 2462 arborem
680 2416 742 2471 tung
768 2409 830 2458 oder
853 2407 894 2458 die
913 2406 1006 2465 Kralt,
1040 2412 1124 2461 similis
1151 2410 1198 2458 aul

127 2482 240 2530 connectio
252 2482 477 2544 omnisqaematerio
489 2476 637 2526 istiusdem
681 2475 722 2525 die
741 2474 954 2533 Besolralfenhelt,
988 2475 1026 2525 sei
1050 2490 1077 2526 es
1096 2477 1195 2526 iusser-

125 2546 379 2608 vorhergegaugenen
398 2543 473 2595 Setze
497 2560 528 2594 zu
546 2543 637 2614 sqppli-
679 2542 744 2593 liele
763 2543 800 2593 sei
817 2559 845 2594 cs
863 2542 958 2600 iuuere,
980 2544 1046 2605 geht.
1089 2543 1121 2594 So
1138 2553 1195 2607 segc

125 2628 180 2663 ren.
681 2609 820 2675 Quintilian
837 2609 870 2669 X.
895 2614 916 2668 1,
945 2613 993 2662 102
1019 2627 1076 2660 vom
1100 2611 1195 2662 Sallust
1286 2620 1289 2626 '

159 2675 206 2736 dl.
243 2683 299 2733 153.
336 2686 410 2747 pietas
446 2685 482 2732 eni
516 2685 638 2733 coniuncta
680 2680 731 2729 und
749 2679 848 2738 Livius,
881 2677 917 2728 sie
942 2678 1011 2728 scien
1034 2697 1102 2744 pares
1119 2685 1193 2744 alapis

123 2753 214 2815 inst-itia
232 2758 272 2800 est.
308 2745 379 2798 Neela
403 2749 448 2798 der
471 2747 533 2797 oben
552 2746 570 2806 l,
592 2750 632 2805 ll,
681 2765 748 2812 quom
766 2751 867 2808 similes,
896 2744 920 2794 d.
941 2747 964 2794 h.
986 2761 1033 2794 von
1052 2744 1132 2806 gleich
1151 2747 1193 2794 lro-
1249 2748 1252 2755 '

126 2817 174 2866 116
191 2815 336 2877 gegebenen
353 2815 489 2864 Definition
506 2814 540 2863 ist
560 2819 636 2881 pietas
680 2814 735 2863 laem
752 2812 876 2868 Werthe,
904 2811 967 2861 aber
984 2828 1032 2861 von
1050 2811 1195 2873 ungleielrer-

123 2881 202 2931 selbst
225 2887 315 2933 institia
340 2886 460 2933 adeersum
486 2885 548 2932 deos.
584 2879 636 2929 Das
679 2879 891 2933 Beschnllenlreit;
921 2880 970 2927 und
990 2878 1086 2928 Seneca
1104 2879 1135 2927 de
1154 2879 1193 2928 ira

120 2948 239 3010 folgende
262 2952 409 3015 reliquaeque
432 2952 526 2998 virtutes
550 2946 636 3003 deutet
679 2945 697 3004 l,
719 2949 800 2998 ilvon
819 2947 867 2995 deu
885 2936 1109 2994 Leidenselralldn:
1134 2963 1192 3011 qnos

123 3017 170 3066 aul
191 3018 239 3065 den
261 3013 476 3075 Zusauuuenhang
500 3011 563 3061 aller
585 3010 635 3061 Tu·
678 3016 793 3079 (affectus)
816 3030 934 3078 nunquam
957 3017 1082 3077 deprimere
1103 3018 1189 3077 possis,

122 3085 219 3146 geoden
237 3090 311 3133 unter
328 3082 455 3139 einander,
478 3080 518 3128 die
536 3084 633 3156 eoqian-
677 3085 725 3130 nisi
742 3098 808 3140 pares
825 3082 875 3130 illis
894 3083 1024 3144 similesque
1047 3085 1189 3144 opposueris,
1234 3137 1237 3141 ,

122 3157 165 3204 etio
180 3156 330 3216 confusioque
342 3154 457 3211 aii-tatum,
478 3146 527 3196 wie
544 3145 633 3196 Cicero
677 3145 701 3194 d.
723 3147 746 3194 h.
767 3145 854 3208 gleielr
867 3145 952 3203 starke
971 3146 1020 3194 und
1038 3145 1159 3195 aihuliclae.

122 3226 179 3279 sagt
196 3218 227 3267 de
245 3218 316 3267 Finn.
342 3216 373 3274 V,
396 3218 435 3273 23,
464 3217 509 3271 67,
537 3212 633 3262 welche
711 3198 863 3265 deornmliit‘
879 3218 939 3264 ailae
957 3217 1066 3266 deornm:
1091 3213 1146 3263 ciue
1164 3212 1190 3263 iu

121 3284 160 3341 als
182 3285 231 3335 'ein
258 3284 401 3355 Gruudsqtz
428 3284 474 3333 der
503 3281 633 3332 Stoischen
676 3279 775 3331 solclreu
806 3279 1089 3343 Vorgleichungssailzen
1120 3295 1189 3343 qauz

120 3348 197 3401 uelit
223 3352 306 3414 baiulig
329 3352 443 3400 erwailmt
460 3349 535 3398 wird.
572 3347 629 3410 vgt.
676 3347 1016 3410 gewdhulichcAlrliiirzung,
1031 3349 1097 3404 dass,
1115 3363 1190 3396 wenn

120 3419 192 3481 Diog.
213 3417 242 3468 L.
251 3418 315 3475 :Vll
340 3421 402 3469 125:
423 3413 471 3471 τὰς
489 3413 517 3466 δὲ
536 3409 634 3482 ἀρετὰς
675 3415 802 3465 Attribute
821 3416 917 3466 zweier
934 3414 1109 3480 Gegenstdnde
1131 3430 1189 3463 ver-

119 3484 243 3551 λέγουσιν
268 3479 479 3535 ἀντακολουθεῖν
498 3477 630 3544 ἀλλήλαις,
675 3482 771 3543 glichen
789 3484 901 3540 werden,
923 3483 955 3531 im
974 3483 1083 3532 aweiten
1100 3480 1188 3531 Glicde

118 3550 164 3602 καὶ
182 3549 231 3602 τὸν
247 3550 315 3620 μίαν
328 3548 426 3620 ἔχοντα
443 3544 533 3605 πάσας
549 3545 628 3618 ἔχειν.
676 3556 739 3599 statt
757 3550 801 3599 des
808 3550 950 3600 Attributes
969 3550 1015 3599 der
1027 3548 1189 3611 Gegenstaud

86 3648 89 3654 ·
152 3640 195 3687 par
213 3631 234 3672 et
258 3625 349 3672 similis·
384 3620 461 3670 Beide
485 3618 632 3669 Ausdmicke
676 3617 755 3666 sellast
773 3619 871 3678 gesetzt
887 3617 961 3666 wird.
999 3616 1056 3678 Vel.
1074 3615 1126 3665 Cic.
1146 3631 1184 3679 pr.

118 3686 223 3737 werden
235 3688 323 3750 ,haulig
340 3687 498 3742 verbunden,
530 3684 574 3736 um
592 3685 631 3735 die
675 3685 756 3734 Flucc.
789 3700 810 3733 c.
840 3686 888 3735 td:
928 3689 993 3736 areius
1022 3702 1061 3748 eqo
1084 3688 1188 3737 ciuitatis

118 3756 297 3805 vollleenunenc
318 3754 490 3804 neunticltett
513 3753 538 3802 iu
556 3754 633 3816 jeder
675 3757 821 3818 disciplinam
838 3764 906 3817 atque
924 3755 1057 3815 pravitatem
1073 3770 1120 3802 non
1147 3769 1186 3803 so-

117 3824 260 3883 Brliclmnq
289 3823 496 3887 auszuspreelren.
544 3820 632 3870 Unter-
675 3825 721 3871 lunt
741 3823 855 3882 Graeciae,
876 3824 917 3871 sed
935 3823 997 3870 laad
1015 3823 1062 3870 scio
1081 3838 1111 3870 aa
1130 3837 1185 3870 aare·

116 3891 234 3941 sclrieden
258 3890 314 3939 siud
340 3890 413 3939 bcide
432 3906 474 3942 so.
505 3889 564 3946 dass
589 3906 632 3952 por
662 3892 838 3951 ›tisqentibus
857 3897 999 3952 anteponam.
1029 3885 1067 3935 De
1084 3884 1180 3950 republ.

115 3961 186 4008 mehr
204 3959 251 4008 aul
272 3958 319 4006 deu
339 3956 446 4014 werlu,
475 3955 516 4005 die
534 3955 635 4004 Bcdeuv
663 3906 703 4011 ll,
727 3956 755 4006 1:
774 3965 892 4020 praestare
910 3963 1002 4005 nostroe
1020 3957 1117 4006 civitatis
1136 3963 1184 4005 sta-
