2640 4418
65 349 69 356 .
142 301 203 364 122
498 310 551 361 DE*
560 307 696 362 NATURA
712 311 859 364 DEORUM.

142 467 245 530 mundi
273 473 390 546 partem
423 461 571 536 incolant,
588 472 633 526 et
664 464 787 526 marinis
819 464 1014 544 terrenisque
1033 464 1212 529 humoribus

143 553 233 633 longo
257 547 411 611 intervallo
429 547 596 608 extenuatis
619 547 745 610 alantur.
789 551 917 611 Sensum
940 558 1038 610 autem
1062 560 1213 613 astrorum
1267 604 1272 615 ,

143 648 232 716 atque
255 631 480 710 intelligentiam
503 631 630 692 maxime
652 632 784 694 declarat
805 633 879 694 ordo
903 652 1006 694 eorum
1028 643 1116 714 atque
1139 655 1211 719 con·
1301 703 1304 706 ,

144 720 263 798 stantia,
287 716 374 790 (nibil
397 716 555 788 ostelia,
579 716 658 795 qnod
680 717 795 778 ratione
817 724 848 778 et
868 735 992 778 numero
1011 720 1124 780 moveri
1138 739 1213 800 pos·

144 806 183 866 sit
205 804 271 864 sine
293 800 452 876 oonsiliot)
475 800 507 860 in
530 818 589 878 quo
612 800 685 870 nibil
708 811 754 862 est
777 801 975 875 temerarium,
997 802 1212 879 nibilvarium‚

80 953 83 958 ,
144 888 228 949 nihil·
243 885 408 947 fortuitum.
433 883 514 945 Ordo
544 881 642 945 autem
674 885 806 946 siderum
829 885 911 946 etin
934 887 1015 947 omni
1037 889 1214 950 aeternitate

145 970 315 1041 constantia
338 987 436 1048 neque
452 980 588 1047 naturam
604 969 762 1046 signifieat,
785 970 844 1043 (est
859 969 937 1030 enim
953 969 1042 1048 plena
1057 971 1214 1056 rationis3)

144 1074 242 1135 neque
269 1055 437 1132 fortunam,
469 1072 559 1131 quaec
574 1052 668 1114 amica
695 1053 830 1114 varietati
861 1054 1060 1115 constantiam
1089 1057 1214 1135 respuit.

146 1140 289 1218 Sequitur
312 1155 398 1216 ergo,
427 1143 461 1196 ut
483 1138 549 1217 ipsa
572 1155 625 1197 sua
648 1146 770 1216 sponte,
804 1155 858 1196 suo
888 1154 980 1198 sensu
1001 1157 1037 1200 ao
1059 1137 1215 1201 divinitate

104 1236 135 1287 44
148 1231 330 1285 moveantur.
367 1221 429 1282 Neo
449 1240 521 1282 vero
543 1219 721 1281 Aristoteles
744 1238 804 1280 non
820 1220 986 1283 laudandus
1008 1222 1040 1282 in
1063 1242 1109 1296 eo,
1133 1223 1215 1302 quod

48 1368 53 1378 1
146 1308 256 1380 omnia,
281 1325 357 1385 quae
380 1314 546 1376 moventur,
569 1312 620 1364 aut
640 1312 744 1365 natura
768 1303 881 1365 moveri
904 1306 1021 1366 censuit
1042 1315 1093 1368 aut
1113 1307 1145 1367 vi
1165 1315 1217 1368 aut

144 1393 312 1453 voluntate:
345 1390 458 1450 moveri
486 1396 584 1451 autem
614 1388 708 1449 solem
739 1395 770 1449 et
796 1387 896 1449 lunam
925 1397 955 1450 et
976 1389 1075 1452 sidera
1098 1392 1214 1452 omnia:

146 1495 222 1554 quae
250 1486 350 1536 autem
379 1479 484 1533 natura
512 1483 718 1544 moverentur,
748 1471 824 1534 haec
846 1479 896 1533 aut
917 1472 1051 1551 pondere
1074 1474 1216 1536 deorsum

146 1567 196 1620 aut
217 1559 337 1620 levitate
360 1556 392 1616 in
414 1555 541 1618 sublime
563 1555 646 1628 ferri,
677 1575 804 1636 quorum
826 1564 963 1617 neutrum
986 1558 1215 1620 astris‘contin-

147 1651 247 1721 geret,
276 1647 436 1719 propterea
461 1640 539 1720 quod
569 1658 673 1701 eorum
694 1647 795 1701 motus
817 1640 849 1705 in
873 1640 977 1702 orbem
1007 1642 1215 1706 circumferre-

146 1736 204 1788 tur.
241 1725 303 1786 Nec
325 1742 394 1784 vero
419 1724 479 1785 diui
496 1731 601 1802 potest
621 1725 650 1784 vi
673 1724 801 1802 quadam
822 1724 936 1786 maiore
958 1726 1033 1799 fieri,
1059 1737 1090 1788 ut
1112 1725 1234 1788 contra'

145 1818 282 1871 naturam
312 1816 390 1870 astra
419 1815 602 1870 moveantur.
649 1808 732 1880 Quae
761 1808 840 1869 enim
870 1817 972 1886 potest
999 1829 1067 1872 esse
1096 1806 1216 1871 maiori

146 1895 251 1956 Restat
272 1893 379 1970 igitur,
405 1902 445 1954 -ut
465 1901 565 1953 motus
578 1900 736 1954 astrorum
758 1893 799 1952 sit
819 1892 1014 1954 voluntarius.
1060 1894 1142 1966 Quae
1165 1894 1216 1974 qui

145 1979 255 2052 rideat,
278 1995 340 2038 non
355 1976 475 2038 indocte
498 1976 604 2049 solum,
627 1978 730 2036 vdrum
753 1976 841 2036 eliam
865 1976 957 2057 impie
972 1978 1071 2049 iaciat,
1093 1979 1120 2040 si
1143 1978 1217 2040 deos

136 2082 215 2124 ‘esse
237 2070 337 2139 neget.
381 2060 442 2122 Nec
465 2080 537 2121 sane
559 2060 684 2132 multum
707 2061 849 2132 interest,
884 2072 981 2123 utrum
1004 2063 1034 2122 id
1057 2074 1146 2140 neget
1180 2080 1219 2125 an

148 2154 201 2208 eos
225 2147 307 2206 omni
329 2145 542 2224 procuratione
566 2156 654 2223 atque
677 2144 794 2205 actione
817 2144 928 2223 privet:
951 2146 1024 2206 mibi
1048 2148 1143 2221 enim,
1167 2146 1218 2225 qui

148 2231 224 2291 nihil
247 2229 323 2305 agit,
355 2247 422 2289 esse
456 2229 578 2288 omnino
606 2247 668 2289 non
696 2228 822 2289 videtur.
866 2229 942 2291 Esse
970 2230 1061 2308 igitur
1082 2231 1155 2292 deos
1178 2231 1219 2292 ita

113 2327 119 2347 ¹
149 2313 342 2393 perspicuum
365 2318 419 2386 est,
442 2322 490 2387 ut,
513 2312 544 2372 id
568 2312 619 2391 qui
642 2319 745 2390 neget,
768 2312 816 2372 vix
839 2332 906 2374 eum
930 2333 1021 2376 sanae
1044 2333 1112 2378 esse
1134 2334 1218 2376 men-

150 2398 189 2458 tis
213 2398 390 2459 existimem.
831 2432 837 2442 κ

92 2477 134 2548 17
232 2482 336 2542 Restat
357 2488 398 2553 ut,
422 2480 519 2559 qualis
534 2487 754 2542 eornmnatnra
768 2480 817 2554 sit,
842 2480 1079 2545 consideremus.
1102 2484 1136 2544 ln
1160 2503 1218 2563 quo

106 2581 137 2633 45

178 2649 243 2698 ·43.
280 2664 353 2712 nequo
393 2655 499 2698 uotorum
537 2650 684 2711 sioaificotc'
707 2660 753 2696 aus
772 2645 875 2707 eigener
892 2646 976 2697 Krelb.
999 2647 1151 2710 .Uebrigens
1175 2648 1220 2698 lin-

152 2715 293 2773 ‚‚deutet
308 2713 555 2762 niebtanleine
573 2711 664 2762 blos·
708 2713 751 2762 det
768 2712 820 2762 sich
839 2713 895 2763 eine
922 2715 968 2764 der
984 2714 1131 2778 Anlribrung
1149 2714 1221 2764 Cice·

101 2836 104 2845 ,
151 2797 185 2833 se
211 2778 235 2831 N
242 2781 454 2838 aturkralt‚“
490 2780 514 2828 d.
550 2780 573 2828 1.
609 2779 664 2829 eine
707 2779 756 2830 ro‘s
780 2795 844 2842 ganz
872 2782 1069 2847 entspreobende
1094 2782 1221 2844 stellein

150 2849 220 2900 blind
231 2848 281 2897 und
294 2847 446 2898 bewnssdos
457 2847 596 2897 wirkende.
617 2847 665 2898 Ue·
709 2846 756 2896 den
773 2848 951 2898 vorhundenen
966 2847 1095 2900 Sebrilien
1113 2850 1222 2900 deebri-

150 2916 197 2966 ber
217 2916 304 2965 diesen
323 2915 382 2965 1111
400 2916 452 2964 des
469 2913 590 2972 Wortes,
618 2915 665 2964 den
708 2914 813 2965 stoteles
830 2916 912 2971 niebt;
935 2916 997 2966 doeh
1015 2917 1046 2967 de
1058 2917 1134 2969 Caelo
1146 2917 1221 2987 111,2

151 2984 207 3034 bier
230 2984 275 3032 der
297 2980 512 3044 Zusammenbang
537 2984 667 3032 notbwen·
709 2989 766 3045 sugt
796 2998 838 3032 er:
871 2976 973 3049 ἀνάγκη
998 2976 1057 3051 ’γὰρ
1086 2978 1102 3046 ἢ
1129 2983 1223 3050 βίαιον

153 3050 196 3112 dig
223 3050 334 3107 sordert,
355 3057 406 3112 vgt,
429 3051 511 3106 131,
540 3046 665 3108 811111
708 3039 779 3100 εἶναι
801 3046 852 3111 τὴν
874 3048 981 3112 κίνησιν
1004 3046 1107 3112 ἢκατὰ
1125 3047 1219 3118 φύσιν.

107 3159 108 3163 ,
152 3116 171 3175 1,
186 3118 234 3173 13,
256 3119 297 3167 35.
335 3121 468 3182 Sionificoro
489 3118 557 3166 stebt
573 3117 665 3167 ebenso
708 3116 746 3166 Er
763 3118 949 3169 untersoheidet
965 3117 1027 3168 aber
1044 3118 1077 3167 ib.
1093 3117 1112 3176 1,
1132 3121 1147 3170 2
1166 3119 1222 3168 eine

153 3199 175 3233 o.
196 3185 237 3240 22,
258 3185 305 3234 54:
332 3188 462 3248 sipuificout
486 3189 581 3237 eoadem
602 3202 666 3237 meo-
709 3184 838 3235 dreil’ache
862 3185 1019 3247 bewegnng‚
1052 3180 1098 3239 ἐπὶ
1120 3181 1152 3236 τὸ
1175 3184 1223 3254 μὲ-
1275 3199 1279 3204 “

154 3262 197 3303 tem
216 3260 283 3316 atque
292 3250 445 3315 prudentiam,
465 3252 547 3301 unde.
561 3254 601 3310 33,
616 3252 663 3304 85:
710 3264 768 3311 σον,
790 3245 844 3300 ἀπὸ
862 3251 912 3300 τοῦ
928 3249 1023 3318 μέσου,
1046 3269 1080 3304 πε
1100 3249 1158 3303 iud
1175 3251 1223 3321 μέ-

153 3327 241 3371 tontum
266 3325 362 3368 naturae
391 3322 518 3372 sollertium
543 3324 664 3384 sipuifioot,
711 3331 767 3368 σον.
795 3317 842 3367 Die
859 3317 973 3377 detulere,
996 3319 1020 3369 d.
1040 3322 1064 3370 b.
1082 3269 1224 3370 111111111-

153 3385 204 3435 und
221 3384 246 3432 in
265 3382 403 3434 dbnlicbem
428 3384 489 3435 Sinn
507 3391 624 3440 declarare
642 3401 663 3434 e.
708 3386 862 3448 bewegung‚
894 3385 928 3436 ist
946 3387 1001 3437 dem
1018 3402 1067 3438 von
1085 3389 1134 3438 ibm
1152 3403 1224 3451 soge-

154 3454 195 3511 32,
216 3454 258 3504 81.
712 3460 821 3502 nannten
849 3469 869 3503 π
889 3453 962 3504 citor
988 3457 1138 3524 στοιχεῖον,
1169 3469 1224 3505 was
1307 3469 1310 3475 ·

188 3522 229 3572 44.
248 3529 288 3571 out
305 3528 389 3571 arturo
407 3530 446 3572 out
473 3525 496 3572 oi
520 3529 560 3572 out
572 3524 669 3572 uoluu-
712 3520 813 3571 Andere
830 3470 926 3587 Aetium*
943 3538 1055 3582 neuneu,
1076 3539 1126 3574 von
1143 3521 1227 3574 Natnr

155 3596 215 3655 tote.v
244 3586 280 3636 Es
298 3585 332 3635 ist
349 3586 413 3646 klar,
435 3588 494 3636 dass
514 3586 570 3636 bier
586 3597 670 3640 arturo
712 3589 800 3651 eigen:
837 3589 887 3648 nnd
916 3604 961 3640 ons
993 3591 1087 3642 diesem
1114 3590 1226 3657 πρῶτον

155 3653 196 3702 die
214 3654 239 3702 in
254 3653 340 3718 jedem
350 3654 431 3717 Dinge
441 3652 593 3703 bewusstlos
610 3655 670 3705 wir-
713 3668 775 3705 στοι
792 3658 849 3707 sior
865 3657 965 3708 besteht
988 3659 1034 3708 der
1053 3657 1159 3708 Himmel
1176 3656 1227 3707 und

155 3719 236 3770 kende
264 3719 429 3778 Naturkralt,
461 3726 496 3772 oio
512 3722 586 3770 uber
614 3721 669 3771 eine
713 3722 754 3772 die
787 3724 889 3783 estirne¹
912 3726 989 3776 deren
1002 3725 1146 3789 Beweguug
1163 3723 1226 3787 folg-

154 3802 203 3836 von
227 3800 318 3838 aussen
342 3790 388 3838 ber
405 3787 577 3837 einwirkende
596 3788 671 3839 Kralt
711 3789 761 3839 liob
780 3793 842 3841 anob
852 3791 908 3841 eine
921 3793 1067 3851 natiirlicbe‚
1089 3793 1157 3851 nieht
1170 3791 1226 3841 eine

110 3914 113 3918 A
154 3853 276 3914 bedente3
297 3856 388 3906 beiden
404 3861 527 3918 entgegen
545 3855 612 3905 steht
630 3856 669 3906 die
713 3856 888 3920 lreigewdblbe
906 3860 947 3919 ist,
967 3861 1018 3911 wie
1035 3861 1092 3910 bier
1106 3858 1229 3910 derStoi·

155 3919 300 3986 Bewegung
323 3923 368 3973 mit
392 3921 480 3973 freiem
498 3921 596 3975 Willen
620 3924 670 3972 und
712 3924 916 3995 kerbebuuptet.

779 4200 846 4267 Γ.
