2640 4418
67 375 74 390 ἱ
173 304 233 365 140
521 316 566 368 ns
583 314 719 381 narone
735 314 882 366 osorum
960 334 961 338 κ

161 474 256 553 'quasi
279 472 358 534 civili
379 471 588 533 conciliatione
611 478 641 532 et
664 469 807 545 societate
822 469 1009 544 coniunctos,
1032 488 1123 532 unum
1145 490 1231 533 mun-

171 561 240 623 dum
270 567 301 619 ut
319 574 514 623 „communem
540 554 757 634 rempublicam
784 564 872 633 atque
899 555 1003 617 urbem
1026 554 1155 634 aliquam
1182 575 1232 617 re-

128 653 285 722 tegentes.
329 641 484 719 Sequitur,
507 648 540 701 ut
561 640 665 702 eadem
687 639 728 700 sit
748 639 779 700 iu
801 639 840 700 iis
868 658 944 718 quae
975 639 1105 701 humano
1128 641 1158 702 in
1181 660 1232 718 ge·

95 734 111 761 ‘¹
170 726 349 799 meseratio,
373 725 476 786 eadem
497 723 610 786 veritas·
629 724 788 802 utrobique
809 723 850 784 sit
871 724 1036 803 eademque
1057 724 1120 787 lox:
1156 745 1232 805 quae

170 821 217 873 est
238 811 312 872 recti
332 809 506 889 praeceptio
528 808 670 888 pravique
693 808 842 888 depulsio.
885 809 928 868 Ex
956 826 1015 888 quo
1044 809 1230 888 intelligitur,

168 895 357 976 prudentiam
373 913 491 974 quoque
514 903 544 954 et
563 901 693 955 mentem
716 912 732 954 a
755 892 813 954 diis
835 893 872 954 ad
888 893 1026 955 homines
1040 895 1232 972 perveniss03

169 981 207 1043 ob
231 999 355 1059 eamque
377 996 513 1040 caussam
535 979 680 1040 maiorum
704 977 848 1039 institutis
876 997 976 1051 mens,
1004 979 1094 1051 fides,
1127 979 1231 1052 virtus,

170 1065 330 1126 concordia
362 1070 555 1124 consecratae
583 1072 613 1124 et
633 1062 753 1142 publico
774 1062 927 1124 dedicatae
949 1072 1028 1124 sunt.
1073 1063 1155 1136 Quae
1178 1068 1231 1143 qul

168 1151 308 1211 convenit
328 1167 421 1228 penes
440 1147 517 1208 deos
545 1166 612 1208 esse
640 1165 765 1225 negare,
799 1166 888 1225 quum
917 1165 1021 1208 eorum
1047 1157 1172 1226 augusta
1200 1158 1233 1210 et
1263 1173 1267 1181 ’

169 1242 272 1296 sancta
300 1233 458 1295 simulacra
488 1227 685 1293 veneremur?
715 1231 830 1304 Quodsi
851 1232 929 1293 inest
944 1232 981 1293 in
1004 1232 1156 1294 bominum
1179 1250 1231 1310 ge-

167 1337 240 1380 nere
268 1336 367 1391 mens,
402 1317 492 1389 tides,
522 1317 628 1388 virtus,
647 1315 833 1396 concordia,
863 1315 941 1378 unde
970 1317 1045 1377 haec
1074 1317 1106 1377 in
1135 1327 1232 1378 terras

168 1403 227 1465 nisi
256 1422 271 1464 a
300 1402 418 1482 superis
441 1402 572 1462 delicere
594 1397 777 1480 potuerunt?
813 1400 969 1481 Quumque
1000 1401 1113 1463 sintin
1140 1401 1231 1464 nobis

77 1530 81 1539 -
168 1488 344 1559 consilium,
368 1485 461 1557 ratio,
485 1485 658 1563 prudentia,
680 1502 805 1548 necesse
829 1493 875 1546 est
896 1485 970 1546 deos
992 1485 1067 1548 haec
1088 1487 1154 1566 ipsa
1176 1487 1231 1547 ba·

167 1574 239 1634 bare
261 1572 388 1644 maiora,
411 1587 467 1630 nec
488 1568 597 1631 habere
619 1567 732 1643 solum,
760 1570 813 1631 sed
836 1570 927 1631 etiam
947 1569 996 1630 his
1020 1572 1061 1631 uti
1083 1571 1115 1632 in
1136 1571 1231 1633 maxi-

9 1654 28 1717 '.
124 1658 227 1719 tomis
248 1667 279 1717 et
301 1654 423 1734 optimis
445 1654 543 1714 rebus.
587 1654 667 1715 Nihil
696 1663 742 1715 est
769 1665 866 1715 autem
895 1673 951 1715 nec
972 1655 1069 1717 maius
1091 1674 1146 1716 nec
1167 1654 1232 1716 me-

167 1742 226 1804 lius
248 1741 375 1801 mundo:
399 1757 523 1800 necesse
545 1750 591 1800 est
613 1757 683 1816 ergo
704 1738 828 1800 deorum
851 1739 978 1799 consilio
1001 1749 1031 1801 et
1044 1739 1230 1819 providentia

167 1845 235 1888 eum
257 1823 470 1886 administrari.
507 1824 661 1884 Postremo
678 1842 768 1903 quum
790 1823 863 1885 satis
880 1822 1068 1885 docuerimus
1084 1825 1139 1885 bos
1162 1839 1254 1897 esse=

90 1966 92 1973 .
167 1913 255 1981 deos,
288 1926 412 1988 quorum
441 1908 589 1986 insignem
610 1908 670 1968 vim
698 1919 728 1970 et
756 1908 901 1969 illustrem
924 1909 1232 1982 laciem'rideremus,

168 1996 262 2056 solem
285 1994 352 2055 dico
375 2003 405 2053 et
419 1992 517 2054 lunam
541 2002 570 2054 et
590 2010 679 2070 vagas
701 1992 804 2055 stellas
828 2001 859 2054 et
879 1993 1047 2054 inerrantes
1070 2003 1100 2055 et
1114 1993 1230 2055 caelum

168 2079 368 2142 otmundum
396 2080 494 2156 ipsum
523 2085 553 2137 et
581 2095 682 2138 aarum
709 2096 808 2145 rerum
838 2077 912 2151 vim,
945 2096 1022 2156 quae
1035 2079 1179 2139 'inessent
1200 2079 1232 2139 in

95 2211 97 2221 ,
167 2164 249 2226 omni
281 2162 392 2223 mundo
423 2180 492 2223 cum
519 2180 624 2239 magno
654 2181 710 2223 usu
738 2173 768 2222 et
796 2161 1005 2223 commoditate
1033 2164 1152 2242 generis
1174 2163 1230 2223 hu-

166 2247 261 2311 mani:
297 2246 446 2319 efficitur,
470 2246 568 2306 omnia
599 2245 662 2323 regi
692 2245 790 2308 diviua
819 2253 918 2308 mente
945 2256 1033 2326 atque
1060 2246 1231 2327 prudentia.

110 2330 212 2400 32bc
239 2334 275 2394 de
304 2331 399 2410 prima
428 2331 547 2411 quidem
560 2339 653 2410 'parte
682 2331 756 2392 satis
778 2330 890 2392 dictum
913 2337 967 2393 cst.
1011 2332 1168 2412 Sequitur,
1198 2340 1232 2393 ut

123 2430 151 2480 81
168 2420 290 2479 doceam
314 2417 413 2476 omnia
436 2415 568 2477 subiecta
592 2434 660 2476 esse
682 2425 820 2488 naturae,
850 2434 944 2495 eaque
972 2416 1008 2477 ab
1036 2436 1070 2478 ea
1092 2417 1231 2496 pulcher-

164 2503 241 2563 rime
264 2501 337 2578 geri.
383 2501 440 2561 Sed
465 2500 536 2580 quid
559 2500 599 2560 sit
620 2501 686 2579 ipsa
708 2508 828 2574 natura,
858 2501 1063 2579 explicandum
1093 2507 1230 2562 estante

165 2585 305 2656 breviter,
328 2603 387 2664 quo
411 2584 528 2645 facilius
552 2585 592 2655 id,
616 2585 694 2663 quod
718 2585 826 2645 docere
843 2584 986 2655 volumus,
1010 2583 1136 2661 intelligi
1158 2602 1228 2662 pos-

165 2672 214 2733 sit.
257 2669 390 2749 Namque
418 2668 469 2729 alii
501 2677 636 2729 naturam
664 2687 732 2741 esse
760 2676 884 2730 censent
911 2667 969 2728 vim
992 2667 1139 2745 quandam
1161 2666 1229 2726 sine

164 2756 290 2828 ratione,
313 2755 441 2815 cientem
463 2765 562 2815 motus
585 2754 614 2814 in
638 2753 816 2833 corporibus
838 2751 1043 2826 necessarios,
1064 2751 1115 2813 alii
1131 2759 1229 2811 autem

201 2867 248 2928 81.
269 2873 308 2923 18.
329 2868 389 2922 inter
406 2889 475 2937 seque
487 2899 519 2908 -
536 2875 676 2926 coniunctos.
754 2889 812 2938 quoe
830 2874 949 2936 quiesco.
968 2869 1010 2920 ftis
1027 2880 1093 2937 quus.
1120 2867 1177 2931 Vgl.
1197 2882 1229 2916 zu

167 2939 193 2990 S.
214 2955 245 2989 zu
263 2956 284 2988 c.
306 2941 345 2996 62,
369 2941 426 2990 154.
720 2953 741 2988 c.
762 2941 786 2996 5.
810 2941 848 2990 15.

200 3010 241 3060 19.
263 3012 341 3059 eadam
366 3033 395 3043 —
419 3011 488 3058 ratio.
529 3002 674 3056 Natdrlicb:
753 3011 800 3058 uisi
818 3015 832 3059 b
849 3010 946 3073 superis.
964 3004 1054 3069 Vgl.‚c.
1073 3005 1096 3060 6,
1120 3005 1158 3054 18.
1184 3001 1229 3050 Bei

165 3074 225 3124 weil
243 3075 288 3124 dus
300 3073 454 3136 Gegeutbeil,
476 3073 499 3122 d.
512 3074 535 3123 b.
548 3072 604 3122 cine
622 3089 678 3140 spe·
720 3073 767 3123 dun
785 3079 874 3141 superis
891 3073 926 3123 ist
941 3071 1077 3122 besonders
1087 3085 1119 3118 an
1131 3069 1171 3117 die
1182 3067 1231 3117 Ge-

166 3142 266 3191 ciliscbc
294 3140 518 3191 Verscbiedenbeit
551 3141 676 3191 zwiscben
719 3141 798 3191 stirne
821 3157 852 3191 zu
876 3140 980 3190 denkou.
1016 3136 1097 3186 somn.
1119 3135 1184 3200 Scip.
1206 3151 1228 3184 c.

166 3207 678 3273 gittlicborundmeuscblicberVernuult
720 3210 744 3266 3.
767 3211 812 3260 15:
838 3210 967 3260 homiuibus
992 3209 1081 3255 unimus
1105 3209 1172 3256 dctus
1196 3214 1230 3255 est

140 3325 151 3340 ,
166 3275 313 3327 undeukbar
329 3276 375 3333 ist,
406 3292 433 3327 so
452 3291 524 3339 gross
540 3291 597 3327 man
615 3277 678 3329 auub
721 3293 750 3343 pc
766 3279 815 3326 iliis
833 3275 975 3339 sempiternis
995 3276 1101 3337 iquitrus,
1122 3290 1180 3337 quae
1196 3277 1230 3322 si-

167 3345 215 3395 den
241 3343 422 3410 quantitativum
445 3342 609 3394 Untcrscbicd
635 3342 678 3397 u'ri·
721 3346 776 3395 dero
786 3351 807 3394 et
816 3343 897 3392 stallos
907 3344 1001 3390 uocatis.
1021 3337 1068 3388 Mit
1076 3339 1131 3389 dem
1144 3339 1231 3388 Gcistc

167 3414 271 3464 nebmen
288 3427 352 3474 mag.
720 3408 831 3472 augleicb
849 3404 971 3457 uatdrlicb
994 3407 1057 3456 auch
1076 3407 1116 3457 die
1133 3405 1230 3469 balaga

200 3487 322 3547 eodemque
340 3484 385 3531 lec.
421 3478 478 3542 Vgl.
501 3480 532 3529 de
556 3478 634 3541 Legg.
654 3477 674 3536 l,
705 3491 766 3549 ‘zur
782 3474 909 3528 Vsrnunlt
926 3475 976 3524 uod
999 3491 1030 3525 zu
1049 3473 1114 3525 allen
1131 3473 1231 3538 'lugen-

167 3552 189 3606 6,
213 3552 258 3601 18:
288 3553 335 3600 Lea
358 3557 392 3599 est
408 3552 467 3599 ratio
487 3565 587 3608 stimmo,
606 3551 678 3598 insitu
720 3545 776 3595 deu.

166 3623 190 3669 in
201 3627 291 3678 natura,
306 3619 436 3682 quaelubet
448 3633 482 3676 eo,
502 3632 560 3680 quse
570 3617 678 3679 [amends
754 3614 795 3666 80.
816 3629 884 3678 quum
901 3615 959 3662 sctis
977 3615 1129 3664 docuerimus.
1154 3607 1232 3659 Nim-

167 3694 227 3747 sunt,
240 3689 388 3750 prohibetque
402 3687 525 3735 contrariu.
544 3679 577 3729 ib.
590 3682 614 3738 1,
627 3681 674 3731 23;
718 3679 768 3730 licb
786 3695 807 3729 c.
829 3680 869 3730 15.
892 3679 931 3730 16.

166 3758 225 3802 iuter
243 3770 299 3816 quos
318 3762 392 3803 cutam
404 3755 472 3812 ratio,
492 3754 551 3801 iuter·
563 3766 600 3800 sos
610 3752 678 3800 elium
753 3741 806 3804 82.
826 3749 867 3798 81.
886 3751 932 3799 uim
943 3751 1058 3812 quondum
1070 3748 1120 3801 sius
1132 3749 1230 3796 rutioua.

166 3828 228 3871 recto
244 3823 304 3869 ratio
322 3823 445 3870 commatris
464 3827 513 3869 est:
532 3834 590 3882 quos
609 3834 677 3882 quum
719 3814 776 3879 vgl.
797 3815 815 3874 l,
839 3817 878 3871 13,
900 3816 939 3866 35.
960 3812 1002 3872 lll,
1024 3815 1063 3870 11,
1085 3814 1125 3863 21.
1213 3824 1215 3828 ’

167 3889 261 3948 sillero,
281 3888 677 3951 leqcquoqrteconciliutiliomiaus
754 3888 796 3938 ulli
815 3893 896 3936 cutem.
922 3882 987 3932 Duos
1005 3878 1230 3938 duzunameutlicb
1298 3920 1302 3927 .

68 3952 71 3956 ’
170 3972 220 4006 cum
237 3957 287 4005 deis
302 3958 400 4019 putandi
417 3969 503 4003 sumus.
649 4006 653 4021 ι
720 3951 761 4004 die
771 3951 873 4022 Stoiksr
883 3951 1000 4013 gsbdreu,
1020 3948 1100 3999 baben
1109 3946 1158 3997 wir
1167 3946 1231 3997 obeo
