2640 4418
156 289 218 352 tlt
513 295 557 346 uu
575 293 712 346 Narona
730 294 876 348 unouuu.

156 455 197 516 ita
219 453 252 514 in
274 450 356 513 omni
386 449 484 510 lusum
513 466 581 509 esse
610 454 731 520 natura,
760 454 792 508 ut
820 447 851 508 in
880 468 916 510 eo
944 449 1019 511 insit
1045 453 1227 530 procreandi

154 539 200 599 vis
229 545 259 600 et
287 552 394 595 caussa
422 530 580 610 gignendi,
609 549 625 592 a
656 549 714 610 quo
744 540 774 593 et
803 533 965 595 animantia
995 537 1094 597 omnia
1123 545 1161 598 et¹
1180 558 1226 612 ea,

156 639 283 702 quorum
310 620 421 698 stirpes
449 626 526 678 terra
557 615 765 688 continentur,
798 623 829 678 et
861 617 945 678 nasci
973 617 1012 679 sit
1044 638 1169 682 necesse
1196 630 1228 684 ct

98 705 140 775 ll
157 722 329 784 augescere.
372 703 483 763 Natura
505 709 551 761 est
573 699 688 776 igitur,
708 719 785 780 quae
814 701 966 763 contineat
994 704 1138 766 mundum
1162 725 1227 767 om-

111 802 226 853 ttnem
249 805 376 869 eumque
404 794 543 860 tueatur,
566 796 595 844 et
623 802 658 844 ea
687 785 807 863 quidem
836 803 897 846 non
924 787 990 847 sine
1018 806 1111 849 sensu
1139 797 1228 869 atque

103 873 132 929 “,
156 874 289 935 ratione:
321 888 440 932 omnem
463 869 543 951 enim
566 878 702 929 naturam
725 887 851 931 necesse
874 879 934 937 est,
965 889 1041 950 quae
1069 891 1131 934 non
1153 874 1227 936 soli·

53 1018 56 1023 .
159 957 233 1020 taria
256 957 414 1034 sitneque
437 953 574 1032 simplex,
598 953 651 1013 sed
676 971 743 1014 cum
767 952 825 1014 alio
848 953 947 1015 iuncta
971 965 1061 1035 atque
1084 975 1228 1033 connexa,

157 1041 268 1103 habere
291 1040 420 1118 aliquem
444 1037 475 1097 in
499 1056 532 1098 se
552 1037 763 1117 principatum,
788 1045 821 1097 ut
844 1037 873 1098 in
889 1039 1011 1103 homine
1032 1047 1172 1114 mentem,
1196 1043 1228 1105 in

155 1125 254 1187 bellua
270 1123 412 1205 quiddam
435 1122 544 1182 simite
556 1121 676 1193 mentis,
699 1122 778 1182 unde
801 1121 935 1183 oriantur
949 1141 1047 1183 rerum
1064 1125 1227 1204 appetitus.

156 1210 189 1270 ln
213 1209 352 1270 arborum
376 1215 473 1268 autem
497 1214 527 1267 et
549 1223 650 1265 earum
674 1223 789 1276 rerum,
814 1206 1074 1285 quae-gignuntur
1096 1228 1112 1270 e
1135 1217 1226 1284 terra,

157 1293 309 1354 radicibus
332 1291 434 1352 inesse
456 1288 643 1368 principatus
687 1298 796 1351 utatur.
840 1290 1044 1370 Principatum
1075 1295 1228 1356 autemid
1255 1322 1288 1377 χ

157 1376 241 1451 dico,
271 1375 350 1456 quod
375 1374 479 1436 Graeci
501 1308 694 1455 ἡγεμονικιῖν
714 1384 837 1446 vocant,
872 1393 931 1453 quo
953 1375 1027 1436 nihil
1052 1375 1083 1436 in
1107 1396 1229 1458 quoque·

156 1479 265 1539 genere
294 1477 351 1520 nec
379 1466 480 1537 potest
511 1475 567 1517 nec
589 1457 679 1520 debet
701 1476 769 1518 esse
790 1458 1003 1540 praestantius
1046 1461 1151 1540 ltaque
1173 1481 1227 1524 ue·

157 1563 244 1607 cesso
268 1552 315 1604 est
336 1541 410 1602 illud
434 1541 540 1613 etiam,
568 1541 600 1601 in
623 1559 683 1620 quo
706 1541 747 1603 sit
769 1541 861 1602 totius
883 1553 1008 1604 naturae
1029 1544 1227 1624 principatus,

157 1647 225 1690 esse
249 1626 383 1688 omnium
405 1625 552 1703 optimum
575 1625 770 1704 omniumque
791 1644 891 1688 rerum
920 1635 1069 1706 potestate
1093 1622 1228 1691 domina-

114 1724 145 1774 30
159 1719 251 1792 tuque
273 1709 491 1788 dignissimum.
535 1709 675 1770 Videmus
699 1718 806 1782 autem,
834 1709 864 1769 in
887 1711 1024 1789 partibus
1043 1714 1236 1789 mundi-(nis

157 1795 200 1857 hil
221 1803 268 1856 est
290 1793 370 1855 enim
393 1793 424 1853 in
447 1793 529 1853 omni
551 1795 680 1867 mundo,
708 1794 787 1873 quod
817 1813 877 1854 non
906 1813 976 1874 pars
1004 1797 1135 1858 universi
1164 1798 1251 1876 sit,)'

155 1881 257 1951 inesse
280 1895 401 1938 sensum
424 1885 455 1938 et
476 1877 633 1938 rationem.
662 1878 697 1938 ln
721 1897 755 1939 ea
771 1888 855 1957 parte
869 1878 978 1957 igitur,
1003 1879 1032 1940 in
1050 1899 1107 1959 qua
1123 1882 1227 1943 mundi

155 1966 235 2026 inest
252 1961 450 2042 principatus,
473 1962 549 2022 haec
570 1962 671 2024 inesse
692 1980 819 2023 necesse
841 1970 896 2034 est,
920 1973 950 2025 et
971 1963 1087 2026 'acriora
1105 1966 1227 2046 quidem

157 2057 246 2128 atquc
274 2046 399 2108 maiora.
450 2046 598 2118 Quocirca
632 2045 798 2124 sapientem
832 2065 900 2107 esse
929 2047 1072 2108 mundum
1101 2068 1227 2112 necesse

32 2139 34 2149 '
84 2171 87 2174 -
156 2140 212 2206 est,
235 2139 430 2207 naturamque
453 2147 528 2198 eam,
552 2148 698 2208 quaeres
722 2148 827 2193 omnes
850 2133 1009 2210 complexa
1026 2142 1134 2207 teneat,
1157 2153 1227 2214 per·

155 2215 286 2278 lectione
315 2212 441 2273 rationis
468 2213 627 2287 excellere,
658 2232 755 2293 eoque
784 2215 872 2275 deum
901 2232 968 2276 esse
996 2217 1138 2278 mundum
1161 2236 1226 2278 orn-

158 2316 285 2379 nemque
307 2296 365 2356 vim
389 2297 490 2371 mundi
515 2309 619 2358 natura
642 2297 741 2358 divina
764 2298 929 2361 contineri..
950 2301 1046 2380 Atque
1068 2312 1115 2361 est
1137 2303 1228 2363 etiam
1266 2374 1278 2383 ,

157 2381 261 2445 mundi
284 2381 334 2442 ille
357 2381 457 2441 lervor
478 2382 597 2461 purior,
626 2381 811 2461 perlucidior
833 2381 1033 2462 mobiliorque
1054 2386 1162 2459 multo,
1188 2388 1226 2448 ob

158 2485 269 2545 easque
292 2483 414 2526 caussas
437 2465 537 2545 aptior
558 2467 595 2527 ad
618 2484 726 2527 sensus
748 2468 980 2528 commovendos
996 2487 1083 2547 quam
1101 2470 1151 2530 hic
1173 2489 1227 2530 no-

158 2559 220 2611 ster
248 2549 344 2621 calor,
375 2568 433 2628 quo
464 2551 555 2620 haec,
577 2568 661 2630 quae
688 2560 760 2613 nota
783 2552 871 2612 nobis
893 2559 978 2623 sunt,
1008 2552 1176 2614 retinentur
1198 2563 1227 2616 et
1286 2580 1314 2613 ι’

113 2646 142 2697 31
157 2633 266 2712 vigent.
310 2632 479 2694 Absurdum
503 2642 549 2694 est
570 2635 661 2712 igitur
682 2635 797 2708 dicere,
821 2653 912 2714 quum
934 2635 1073 2696 homines
1096 2636 1225 2700 bestiae·=
1312 2662 1314 2667 ’

160 2737 218 2798 quc
239 2719 298 2778 hoc
321 2717 420 2779 calore
447 2725 618 2796 teneantur,
649 2727 678 2780 ct
705 2728 864 2800 propterea
892 2725 1067 2781 moveantur
1095 2738 1130 2780 ac
1157 2741 1227 2783 sen-

191 2895 236 2957 11.
255 2901 296 2952 29.
318 2902 407 2952 Natura
424 2908 457 2950 est
471 2903 549 2962 icitur.
584 2894 672 2962 Notoro
747 2905 773 2952 ic
790 2905 897 2952 orborum
912 2928 942 2939 -
960 2907 1088 2956 radicitus.
1109 2901 1227 2954 Genaucr

158 2967 255 3018 scheint
272 2966 340 3017 nicht
357 2965 468 3030 Suhject,
489 2967 597 3017 condono
610 2967 672 3018 Pro·
713 2967 756 3018 hei
772 2966 843 3018 Sext.
862 2966 880 3017 l.
900 2967 917 3018 l.
938 2962 983 3020 ἐπὶ
1000 2966 1030 3020 δὲ
1051 2971 1109 3020 τῶν
1129 2972 1228 3038 φυτῶν

87 3073 93 3095 ,
159 3034 227 3085 dicat
243 3050 275 3083 zu
293 3034 349 3083 dem
373 3047 418 3082 aus
437 3033 493 3081 dem
511 3033 621 3099 Vorigen
640 3051 671 3086 zu
715 3028 746 3085 οὗ
769 3032 839 3085 κατὰ
863 3031 913 3085 τὸν
931 3030 1015 3087 αὐτὸν
1032 3034 1144 3120 τρόπον,
1171 3033 1225 3089 ἀλλ’

157 3101 340 3158 versichenden
359 3100 464 3163 Suhject
489 3106 590 3156 calidum
611 3108 672 3156 illud
713 3097 758 3184 ἐφ’
767 3091 806 3152 ὦν
813 3099 869 3184 μὲν
881 3100 952 3154 κατὰ
962 3102 1012 3159 τὰς
1030 3104 1112 3185 despit,
1132 3099 1176 3173 ἔφ’
1187 3092 1227 3156 ὧν

158 3177 226 3234 etque
239 3173 331 3232 iqoeom
340 3183 372 3216 zu
385 3166 453 3216 sein:
470 3168 581 3220 dieses
592 3185 671 3221 war·
714 3167 744 3220 ds
755 3185 825 3220 κατα
838 3166 886 3232 τὴν
896 3165 992 3238 κόμην,
1007 3166 1051 3240 ἐφ’
1061 3189 1100 3222 ων
1110 3169 1140 3224 δὲ
1156 3169 1227 3224 κατὰ

149 3241 203 3287 'mc
227 3234 288 3283 und
313 3234 445 3296 leurigc
468 3234 602 3302 Princip
627 3237 672 3287 ist
714 3231 745 3286 τὸ
766 3231 918 3307 ἐγκάρδιον.

51 3325 55 3333 1
79 3344 83 3351 .
158 3301 211 3352 oin
228 3299 365 3358 Weson,
387 3301 531 3356 welches
550 3321 574 3355 u.
595 3319 615 3352 s.
633 3319 667 3354 w.
747 3305 789 3356 30.
810 3309 1226 3361 omacmoimmoadtoot.dio.coct.

188 3422 193 3431 ,
208 3367 604 3434 prseineVerscliiedenlreitvon
615 3372 671 3421 dem
713 3371 783 3430 „Die
792 3370 868 3424 Wolt
880 3372 925 3422 mit
935 3371 1016 3423 Allem
1025 3390 1080 3425 was
1098 3391 1130 3425 zu
1147 3375 1227 3426 ihrem

158 3435 166 3449 ⁰
199 3434 206 3448 '
236 3435 296 3494 hon,
333 3436 465 3498 cigentlich
499 3445 670 3500 sogenounton
713 3437 813 3491 Weson
831 3439 988 3503 uudBcgrill
1002 3443 1227 3504 gendrt'lacrulrtin

157 3502 240 3555 [locor
257 3518 278 3552 s.
298 3511 373 3553 auten
391 3520 412 3554 c.
437 3509 473 3564 15,
495 3508 536 3556 40.
713 3506 792 3563 iliram
809 3506 902 3558 Daseia
920 3509 970 3558 und
988 3509 1112 3561 Bostelien
1130 3511 1177 3560 aul
1191 3511 1228 3560 ci-

190 3574 295 3626 cumotc'o
305 3576 383 3625 iuncto
391 3583 459 3640 atquc
467 3590 578 3625 connexo.
595 3573 671 3624 Rich·
713 3590 768 3625 nem
779 3574 913 3638 gottliclicn
923 3576 948 3626 in
959 3576 999 3627 ilar
1008 3576 1152 3628 walterdon
1161 3576 1227 3630 Wo-

156 3638 224 3701 tigor
240 3637 309 3688 hitto
322 3637 410 3690 Cicero
425 3646 528 3703 gesagt:
549 3658 579 3692 ec
592 3646 670 3708 pteri-
712 3648 791 3693 son.“
825 3641 863 3694 Zu
887 3650 1000 3698 conticui
1015 3645 1066 3708 vel.
1093 3645 1119 3712 §-
1139 3647 1172 3698 29
1189 3645 1224 3696 in.

156 3709 200 3757 dur
217 3709 296 3757 iuncta
313 3716 335 3759 et
359 3711 491 3773 composito.
524 3699 569 3754 Ἑν
586 3705 670 3759 παντὶ
712 3708 793 3761 namt
822 3716 932 3764 sustineri
954 3711 980 3779 fl.
1007 3714 1040 3766 28
1069 3713 1120 3773 in,
1151 3720 1227 3763 nnten

155 3768 538 3891 notquppiccipcaqcheisstes
547 3773 588 3824 bei
597 3774 666 3855 dext.
710 3783 814 3859 reticeri,
834 3794 857 3831 u.
869 3778 894 3845 ξ.
907 3781 937 3832 31
951 3785 1038 3834 teneri:
1056 3780 1153 3861 welche
1162 3781 1227 3831 Aus-

156 3836 227 3889 llm.
290 3876 299 3897 ,
326 3843 387 3898 119,
408 3853 449 3888 wo
468 3840 537 3891 diese
556 3841 669 3895 Storschc
713 3844 808 3895 drncke
835 3846 884 3897 allo
908 3847 968 3898 aulx
984 3848 1100 3900 dussellc
1126 3851 1228 3900 hiraus-

156 3853 362 3970 drgcmentation
380 3907 485 3960 relerirt
502 3909 576 3960 wird.
712 3910 807 3963 lacten.
937 3911 942 3925 “
