2640 4418
138 317 199 378 208
490 327 535 378 DE
554 327 688 380 NATURA
706 329 852 380 DEORUM.

93 538 103 549 .
139 501 212 564 ques
236 482 328 544 Numa
352 482 440 544 nohis
464 481 594 562 reliquit,
616 483 784 564 dequibus
806 483 838 543 in
861 482 1052 546 illaeureola
1076 484 1213 547 oratiun-

138 569 204 631 cula
226 568 300 628 dicit
321 568 449 640 Laelius,
475 586 563 647 quam
584 567 751 629 rationibus
764 568 944 630 Stoicorum.
989 567 1022 631 si
1051 569 1132 631 euim
1153 589 1211 632 vos

138 671 261 732 sequar,
286 652 349 724 dic,
373 652 443 731 quid
466 653 494 713 ei
516 653 724 731 respondeum,
758 652 808 735 qui
840 671 888 713 me
911 652 956 713 sic
976 662 1077 731 roget:
1110 654 1143 715 Si
1168 654 1212 716 dii
1306 690 1309 697 ·

137 746 223 810 sunt,
258 744 365 797 suntne
399 736 486 798 etiam
515 736 682 816 Nymphae'
700 733 796 799 deuel
828 737 852 798 si
885 737 1054 817 Nymphae,
1087 738 1213 801 Panisci

138 823 226 884 ctiam
241 832 271 882 et
289 818 408 900 Satyri?
428 821 466 881 lli
486 831 584 883 autom
601 840 662 882 non
675 830 761 884 suut:
785 840 823 884 ne
835 822 987 902 Nymphae
1001 822 1122 902 quidem
1135 822 1215 885 deae

138 902 251 984 igitur?
273 907 310 966 ht
332 906 554 984 curumteiuplo
578 896 646 967 suht
667 907 865 986 piiblicevote
883 915 913 967 et
935 906 1083 969 dedicato.
1128 907 1213 980 Quid

138 987 250 1070 igitur?
282 990 325 1050 Ne
348 990 439 1051 ceteri
462 991 581 1069 quidem
604 1009 674 1068 ergo
697 989 749 1065 dii,
783 1010 910 1071 quorum
930 991 1041 1071 templa
1063 1000 1134 1053 sunt
1157 993 1233 1081 de-⁴

139 1076 248 1138 dicata.
290 1076 351 1151 hge
373 1093 479 1153 porro:
502 1076 601 1135 lovem
623 1084 653 1137 ct
673 1076 842 1154 Neptunum
865 1076 938 1137 deos
956 1094 1112 1137 numeras:
1136 1094 1213 1155 ergo

139 1161 229 1222 etiem
252 1158 357 1230 Orcus,
380 1160 472 1220 irater
494 1178 611 1232 eorum,
635 1161 718 1232 deus,
742 1168 771 1221 ct
793 1160 846 1234 illi,
871 1159 921 1239 qui
945 1161 1038 1222 fluere
1059 1161 1138 1240 apud
1163 1161 1212 1223 in·

139 1247 222 1307 leros
245 1243 392 1316 dicuntur,
414 1245 568 1317 Acheron,
593 1246 729 1324 Cocytus,
753 1245 833 1324 Styx,
856 1244 1121 1324 Pyriphlegethon,
1145 1253 1212 1308 tum

95 1340 126 1391 44
140 1329 272 1400 Charon,
301 1337 363 1388 tum
385 1327 530 1390 Cerberus
553 1329 595 1389 dii
617 1329 751 1409 putendi.
794 1330 832 1390 ht
852 1329 1026 1409 id.qnidem
1047 1329 1213 1409 repudien-

139 1415 218 1477 dum.
262 1413 306 1474 Ne
329 1412 424 1473 Orcus
447 1413 567 1492 quidem
589 1414 689 1492 igitur.
735 1414 815 1488 Quid
829 1413 929 1475 dicitis
952 1431 1023 1492 ergo
1046 1414 1083 1477 de
1105 1415 1211 1477 fratri·

43 1554 48 1577 ,
138 1497 219 1561 bus?
255 1497 336 1558 Haec
358 1497 526 1559 Carneades
549 1499 660 1570 aiebat,
698 1517 759 1559 non
794 1506 826 1559 ut
847 1500 920 1559 deos
953 1498 1085 1561 tolleret:
1123 1500 1211 1576 (quid
1239 1556 1244 1565 .

140 1583 220 1646 enini
243 1581 425 1661 philosopho
448 1582 545 1642 miuus
568 1580 783 1660 conveniens?)
807 1584 860 1646 sed
879 1591 912 1643 ut
934 1583 1051 1645 Stoicos
1073 1583 1150 1644 nihil
1174 1584 1212 1647 de

140 1667 198 1729 diis
221 1665 369 1745 explicare
383 1665 580 1727 convinceret.
618 1669 721 1747 ltaque
733 1667 956 1747 insequebatur.
1002 1668 1081 1741 Quid
1103 1665 1212 1730 enim?

135 1751 253 1827 aiebat,
277 1749 303 1810 si
326 1749 357 1809 hi
379 1751 486 1812 lintres
509 1752 630 1812 suntin
652 1770 777 1813 numero
800 1754 938 1826 deorum,
971 1770 1042 1813 num
1064 1753 1101 1813 de
1122 1761 1211 1832 patre

140 1855 244 1900 eorum
266 1835 393 1895 Saturno
417 1835 518 1913 negari
540 1845 655 1916 potest,
679 1856 766 1916 quero
788 1837 875 1915 vulgo
898 1837 1025 1898 maxime
1047 1832 1150 1898 colunt
1172 1834 1211 1899 ud

141 1916 359 1985 Occidentem?
392 1920 450 1993 Qui
473 1920 499 1981 si
522 1928 568 1982 est
589 1922 678 1993 deus,
712 1928 825 2003 petrem
859 1940 978 2001 quoque
999 1921 1064 1983 eius
1088 1920 1211 1983 Caelum

140 2024 208 2069 esse
231 2006 318 2066 deum
342 2005 543 2066 confitendum
571 2014 627 2067 cst.
673 2005 760 2078 Quod
783 2006 955 2078 sideest,
986 2005 1066 2068 Caeli
1089 2025 1211 2087 quoquc

140 2099 279 2170 parentes
303 2087 344 2149 dii
366 2088 496 2150 habendi
529 2100 607 2162 sunt,
640 2092 751 2151 Aether
772 2099 802 2152 ct
823 2091 892 2151 Dies
915 2109 1078 2178 eorumque
1099 2091 1211 2168 tratres

145 2271 527 2340 loe‚Den1iuutivvoncapedo.
557 2273 596 2322 ein
611 2289 653 2335 ge·
693 2274 754 2338 jeuc
772 2271 872 2324 Wesen
896 2273 933 2324 als
957 2273 1047 2325 Gottet·
1068 2274 1205 2335 eneusehu,
1236 2301 1246 2308 -
1305 2288 1308 2299 ·

144 2341 236 2404 ringus,
258 2339 384 2390 vielleioht
401 2341 506 2392 ehernes
525 2341 586 2391 oder
600 2342 653 2391 tho-
696 2340 757 2391 weil
779 2357 836 2392 men
855 2343 920 2391 donn
938 2342 991 2392 sich
1009 2342 1077 2393 nicht
1092 2341 1209 2405 weigeru
1305 2400 1308 2409 Ι

143 2423 234 2460 neruos
258 2407 349 2459 Gelhss
377 2424 432 2458 zum
457 2408 588 2459 Gehreuoh
611 2409 653 2459 hei
696 2410 791 2468 ledunc,
834 2409 896 2460 euch
932 2410 1026 2460 endere
1059 2409 1209 2460 woscutlich

145 2477 246 2543 Oplern.
285 2475 336 2526 Cic.
357 2475 448 2526 Porad.
472 2480 492 2536 l,
514 2479 529 2529 3
552 2476 653 2528 verbin—
696 2477 859 2540 gleicuortige
877 2477 999 2528 ehenlulls
1017 2477 1059 2528 hir
1074 2477 1208 2529 Gdtterzu

143 2544 539 2610 dcteapediaeselfictilesoraalos.
556 2545 653 2595 Wohr-
672 2572 675 2576 ·
697 2544 794 2599 hulten.
814 2561 870 2595 wus
888 2561 927 2595 am
944 2545 1016 2595 llnde
1034 2561 1065 2596 zu
1083 2547 1132 2596 den
1148 2548 1208 2610 drg-

144 2610 278 2663 scheinlich
302 2611 370 2659 hatte
394 2610 495 2661 Laehus
520 2612 544 2660 in
569 2613 653 2662 seiner
695 2621 750 2662 sten
781 2613 963 2663 Ahsurditdten
995 2613 1084 2664 hihrou
1110 2615 1202 2664 uniisse.

145 2680 216 2731 llede'
233 2676 292 2741 (vgl.
313 2693 344 2727 zu
355 2692 377 2726 c.
392 2679 414 2735 2,
428 2680 453 2738 5)
472 2679 512 2728 die
530 2679 580 2729 alte
592 2680 653 2729 Ein-
697 2679 753 2742 Vgl.
775 2696 796 2730 o.
820 2683 858 2738 19,
880 2683 922 2733 47.

146 2746 257 2799 lechheit
268 2747 318 2796 und
325 2742 529 2809 Prudlilosigkeit
541 2747 585 2797 des
593 2746 653 2796 Got-

145 2815 296 2867 tesdienstes
314 2813 458 2880 geprigseffi
483 2814 567 2865 wohei
591 2816 653 2865 weit
730 2800 840 2847 quem-
853 2787 1125 2836 coloatodoacideoteut.
1142 2776 1206 2832 Cer-

696 2849 789 2899 neodes
808 2849 896 2899 dachle
915 2851 988 2900 dahel
1005 2850 1073 2901 wohl
1090 2850 1159 2900 nicht
1174 2863 1207 2899 an

144 2884 216 2935 mh*
237 2884 311 2962 Ϋθῂω
340 2882 512 2963 Gffuessumht
535 2898 653 2945 “wem
697 2915 918 2967 dennltitnlischen
947 2910 1208 2988 mitKodvasidenti-

147 2951 184 3002 ὼ
202 2950 244 3001 ¹³⁶¹
263 2950 318 3000 dem
336 2958 451 3016 spateren
469 2951 582 3009 Pfflnke’
604 2951 654 3001 und
696 2984 794 3035 ficirteu
814 2957 943 3044 Saturnus,
965 2987 1073 3037 sondern
1091 2984 1207 3035 uneiucn

146 3019 220 3070 dmi
243 3018 307 3068 ΜΠ
331 3018 393 3068 mh
419 3019 458 3068 die
484 3024 653 3086 mpedm‘wlae
696 3043 758 3103 oder
784 3054 832 3103 den
858 3054 952 3103 andern
978 3053 1121 3107 lherischen
1145 3053 1211 3105 oder

146 3086 276 3145 “Wfflfflli
302 3101 356 3136 was
376 3087 444 3150 jem
465 3086 605 3138 defleam
622 3103 653 3137 ²¹¹
698 3120 839 3171 Celtischen
868 3121 940 3179 Gott,
969 3122 994 3171 in
1011 3120 1131 3171 walchem
1148 3135 1210 3171 man

147 3153 231 3203 dieser
254 3154 478 3204 Ausdrucksweise
502 3154 651 3212 vernulusst,
699 3190 705 3200 .
818 3189 824 3200 .

36 3258 38 3262 Α
147 3221 224 3270 deren
247 3221 426 3272 Verstdndniss
451 3237 480 3271 er
504 3223 545 3272 hci
569 3223 654 3272 seinen
694 3204 773 3252 Jenen
790 3189 1047 3240 W¹⁰d⁰r²¹¹⁰rk⁶¹¹¹¹⁰⁰
1064 3186 1176 3251 glaul'm'

146 3288 276 3339 Zuhdrern
298 3288 342 3337 mit
360 3288 500 3340 Sicherheit
522 3305 655 3340 voreussc-
730 3294 811 3342 lether
835 3299 855 3342 et
879 3295 932 3342 lle'es
961 3290 1018 3341 sind
1040 3289 1129 3341 Eltern
1160 3290 1208 3341 des

145 3366 204 3408 tzeu
221 3356 321 3405 hounte.
354 3354 411 3417 Vgl.
423 3356 493 3406 Pers.
508 3366 555 3406 sut.
568 3356 597 3415 ll,
610 3361 651 3410 59:
697 3357 794 3407 Uronus
813 3357 975 3409 oderCoclus
993 3359 1056 3409 nach
1073 3357 1145 3408 einer
1162 3372 1208 3408 eu-

146 3430 232 3478 lorom
254 3443 310 3476 oasa
328 3426 414 3475 Numae
433 3429 586 3492 Saturniaque
609 3431 654 3478 im-
697 3426 758 3474 dero
789 3424 825 3475 uls
851 3426 898 3476 det·
921 3426 1122 3489 gewohnlichcn,
1156 3441 1207 3476 von

144 3497 206 3562 polit
223 3510 285 3555 aero,
308 3494 451 3558 Vestalesque
468 3510 538 3545 araas
562 3503 586 3554 et⁴
608 3497 653 3546 To·
680 3493 789 3543 ‘Hcsiod
821 3502 1022 3558 vorgctregenen
1045 3492 1205 3556 ,Theogouio

148 3580 212 3615 scum
228 3565 296 3625 fictile
313 3569 392 3612 motat.
440 3614 443 3619 ,
682 3560 773 3611 'tener
796 3560 859 3625 lolgt
881 3563 943 3612 euch
961 3562 1052 3630 Hygin.
1075 3575 1114 3628 pr.
1133 3577 1158 3628 p.
1180 3563 1204 3620 2,

181 3631 222 3680 44.
247 3633 308 3681 llaec
328 3631 454 3679 Carneades
472 3632 555 3680 olebat.
590 3629 653 3679 Eine
696 3644 736 3679 wo
768 3631 830 3679 euch
861 3630 900 3680 die
930 3631 1039 3680 nnchher
1063 3637 1208 3692 genennten

146 3697 225 3746 Reihe
244 3711 306 3757 ganz
325 3694 452 3745 dholicher
469 3694 584 3745 Schldsse
609 3696 653 3746 des
696 3697 795 3747 Brdder
811 3698 861 3748 uod
872 3698 1031 3749 Schwestern
1050 3698 1102 3748 sich
1121 3699 1208 3761 gruss-

148 3764 291 3815 Cerneodcs
322 3763 390 3813 ldhrt
419 3763 488 3813 Sext.
517 3763 587 3829 Emp.
623 3779 653 3813 an
696 3765 1008 3825 teothoilswiedcrfinden,
1028 3765 1208 3818 wdhroudhei

147 3828 192 3889 IX,
215 3832 272 3883 182.
308 3830 345 3880 Er
367 3830 451 3880 wollte
476 3832 585 3880 dedurch
604 3832 655 3880 zei·
697 3832 791 3884 llesiod
810 3834 850 3884 die
868 3834 997 3885 Mehrzohl
1015 3832 1207 3893 derselhewas

148 3914 209 3962 geu,
242 3899 300 3948 dass
328 3899 373 3948 der
395 3898 563 3961 Vollrsgluuhe
588 3899 655 3948 nicht
696 3898 963 3953 Nechlronimenschel't
987 3901 1033 3953 der
1049 3899 1133 3955 Nocht
1150 3902 1208 3953 uul-

119 3968 121 3977 ’
149 3967 186 4019 ets
199 3966 284 4018 Grund
302 3964 386 4028 gellen
403 3966 483 4024 dlirle,
505 3966 574 4033 diosc
592 3967 655 4016 oder
697 3968 889 4030 gelduni-wird.
