2640 4418
138 294 181 358 38
494 301 538 352 DE
556 300 691 353 NATURA
708 301 854 354 DEORUM.

296 398 302 425 l
1120 424 1122 428 ,

140 444 304 539 coepimus,
327 458 354 518 sl
375 434 502 518 iidctur.
544 456 615 518 Mihi
637 475 717 529 vero,
740 455 838 536 inquit
859 455 952 529 Cotta,
974 455 1100 518 videtur.
1144 456 1204 520 Sed

139 555 171 607 ut
192 545 241 606 bic
282 543 332 623 qui
356 542 528 614 intervenit,
563 543 622 615 (me
654 542 803 619 intuens,)
837 560 873 602 nc
895 542 1013 621 ignoret
1050 559 1126 620 quae
1155 561 1205 604 rcs

140 637 257 715 agatur:
284 629 322 689 dc
344 635 449 688 natura
473 626 633 705 agebamus
655 626 796 700 decrum3
819 645 893 705 quae
917 644 1006 705 quum
1028 626 1102 687 mihi
1124 626 1207 689 vide-

139 722 223 775 retur
242 712 439 792 perobscura,
469 719 501 771 ut
523 730 642 790 semper
662 710 756 772 videri
777 711 869 784 solet,
891 710 1014 791 Epicuri
1036 729 1072 771 cx
1095 711 1207 775 Velleio

139 796 318 859 sciscitabar
339 796 527 858 sententiam.
572 796 781 869 Quamobrem,
804 794 912 874 inquit,
935 794 1036 869 Vellei,
1060 796 1118 858 nisi
1141 816 1206 859 mo-

139 883 249 944 lestum
270 890 333 955 cst,
359 889 462 960 repete
485 900 560 960 quac
583 899 738 961 coeperas.
765 914 808 924 -
829 880 971 960 Repetam
993 899 1079 954 vero,
1103 899 1206 962 quam-

140 984 230 1047 quam
262 984 323 1028 non
356 965 445 1037 mihi,
480 966 532 1027 sed
569 965 624 1027 tibi
646 965 696 1026 bic
727 964 808 1025 venit
829 964 956 1026 adiutor.
998 965 1093 1026 Ambo
1116 965 1206 1041 enim,

140 1051 238 1131 inquit
260 1050 405 1121 arridens
428 1049 465 1110 ab
483 1051 590 1111 eodeni
603 1050 729 1110 Philone
752 1048 827 1109 nihil
839 1051 916 1110 scire
939 1049 1098 1112 didicistis.
1130 1051 1206 1113 Tum
1242 1062 1246 1073 '

141 1151 206 1212 ego,
231 1135 309 1208 Quid
325 1134 526 1206 didicerimus,
550 1134 633 1195 Cotta
649 1133 771 1195 viderit:
795 1142 827 1194 tu
840 1144 936 1195 autem
950 1134 1020 1195 nolo
1043 1135 1206 1211 existimes,

140 1239 190 1282 mc
209 1220 374 1282 adiutorem
386 1219 597 1292 huicvenisse,
621 1220 673 1280 scd
692 1218 859 1279 auditorem
881 1229 912 1279 et
933 1219 1052 1298 quidem
1070 1230 1207 1300 aequum,

140 1305 237 1367 libero
259 1304 381 1378 iudicio,
404 1304 484 1366 nulla
508 1304 654 1365 eiusmodi
676 1303 849 1365 adstrictum
865 1303 1054 1376 necessitate,
1078 1314 1109 1366 ut
1124 1305 1208 1379 mihi,

139 1389 226 1452 velim
249 1389 352 1461 nolim,
377 1389 416 1450 sit
438 1397 517 1448 certa
541 1389 685 1467 quaedam
709 1388 816 1449 tuenda
838 1387 995 1450 sententia.
1188 1430 1190 1435 ,

7 1522 10 1539 .
105 1472 129 1540 8
225 1473 304 1545 ‘lum
324 1472 456 1562 ¹Velleius
489 1473 617 1550 tidenter
640 1491 727 1547 sana,
763 1480 797 1535 ut
829 1472 927 1538 solent
948 1472 1013 1557 isti,
1052 1472 1127 1533 nibil
1149 1483 1209 1553 tam

7 1528 78 1629 *Η
99 1569 248 1643 turonens
278 1577 367 1638 quam
389 1577 427 1624 nc
456 1557 591 1618 dubitare
619 1558 717 1638 aliqua
744 1557 782 1641 de
804 1576 837 1617 rc
859 1556 1024 1630 videretur,
1058 1562 1209 1638 mmquam

7 1644 297 1767 μωμοάομ
326 1640 450 1737 deorum
476 1641 608 1738 'concillo
639 1649 669 1702 el
698 1661 732 1738 ert
759 1640 882 1719 Epicuri
916 1642 1124 1738 intermundiis
1158 1643 1209 1704 de-

7 1776 47 1826 m.
59 1801 69 1834 S
81 1784 101 1843 ι
143 1727 322 1825 scendrsset,
344 1727 581 1823 cludite,1nqult‚
597 1746 657 1787 non
671 1725 770 1787 lutrles
790 1735 1072 1822 commenticiasque
1088 1735 1208 1823 senten-

47 1832 51 1841 ’
141 1823 208 1885 tras,
230 1830 291 1872 non
303 1813 443 1896 oprlicem
458 1812 737 1890 aedificatoremque
753 1810 866 1885 mundi,
888 1811 1022 1891 Platonis
1035 1811 1074 1891 dc
1087 1812 1208 1893 [macc

145 1961 223 2017 libros
242 1962 273 2012 de
290 1961 392 2012 Finibus
411 1968 520 2027 spectat,
542 1960 591 2011 lam
608 1969 659 2011 tum
736 1955 768 2016 8.
790 1951 829 2012 18‘.
849 1969 870 2012 ct
888 1979 917 2012 cc
934 1965 1027 2027 Epicuri
1041 1966 1211 2015 intermundiis.

146 2030 283 2081 absolutos.
304 2029 393 2081 Cicero
404 2030 475 2086 enim,
495 2045 569 2094 quum
581 2029 659 2079 Balbo
701 2026 748 2077 Die
779 2027 872 2093 Copula
903 2029 958 2091 ffigt
986 2029 1041 2079 eine
1066 2030 1212 2095 specieiloro

145 2099 209 2149 baec
224 2098 303 2147 verba
313 2096 408 2154 tribuit,
429 2096 493 2146 mori
503 2105 597 2146 tanturn
607 2097 660 2146 dia·
702 2094 876 2159 bezeicbnung
899 2112 930 2145 zu
944 2096 1011 2146 ‘dem
1028 2099 1212 2160 vorbeigeben-

145 2166 227 2229 logico
238 2165 350 2222 inservit
365 2164 559 2228 nonfacltquasi
569 2163 660 2214 oblitus
703 2163 751 2213 den
769 2162 945 2225 nllgcmeiuern
960 2164 1092 2214 Ausdruck
1110 2183 1138 2216 cc
1156 2171 1212 2217 dro-

147 2250 174 2284 se
193 2249 241 2283 non
256 2232 328 2297 loqui
340 2232 451 2298 ipsutn.“
481 2230 658 2282 Enwolf.
701 2249 753 2284 rom
778 2236 882 2284 concilio.
930 2230 1000 2282 Denu
1024 2232 1117 2282 indeo
1140 2237 1213 2285 icter-

180 2319 216 2352 mc
241 2305 352 2351 icturus·
386 2294 568 2366 „Hupevdrixp
605 2308 672 2349 cstz·
701 2303 803 2350 mondiis
820 2300 937 2349 wohnten
964 2301 1027 2349 nacb
1050 2297 1148 2366 Epikur
1166 2299 1212 2365 die

146 2368 192 2418 mit
202 2368 283 2417 ciuem
293 2366 378 2416 blickc
391 2367 539 2416 anlmicb.‘·
557 2366 658 2419 Woll.
703 2366 800 2416 Giitter.
846 2367 893 2418 Mit
916 2369 1001 2432 jancm
1032 2366 1129 2419 Nomen
1151 2369 1222 2419 aber-

148 2435 266 2487 Acbnlicb
293 2435 369 2484 Acad.
397 2435 519 2493 l‚>1„2:
547 2441 593 2487 iam
608 2441 658 2502 pri·
702 2434 830 2485 dbersetzt
849 2434 937 2485 Cicero
956 2436 1011 2484 bier
1029 2437 1078 2485 und
1095 2437 1210 2487 dcllinn.
1308 2480 1312 2495 ,

47 2523 51 2532 ¹
149 2509 199 2557 dem
217 2508 247 2555 od
265 2507 323 2555 bunc
341 2509 416 2569 ipsum
439 2507 483 2565 (mc
502 2512 576 2554 cutem
595 2508 658 2556 dicc—
701 2501 731 2559 ll,
762 2503 801 2559 23,
832 2505 864 2553 75
887 2503 938 2552 wic
963 2504 1025 2553 anob
1048 2506 1158 2554 nachbcr
1182 2505 1213 2554 de

149 2575 196 2632 bct)
215 2575 327 2637 quaedem
343 2576 440 2622 iactitat.
476 2571 512 2620 De
534 2571 604 2619 Finn.
624 2570 656 2628 V,
701 2569 783 2618 Divin.
804 2569 834 2627 ll,
858 2573 895 2628 17.
923 2573 955 2623 lo
984 2571 1028 2621 das
1054 2571 1214 2623 Griecbiscbe

148 2640 231 2720 ³’.⁷²²
255 2643 311 2699 troc,
335 2643 434 2719 idquit,
451 2657 495 2690 vicu
513 2644 601 2703 ,poterit
625 2643 659 2719 cic
700 2632 912 2717 paraxdcpcad
925 2639 948 2717 b.
959 2635 1215 2755 τάίεταξὺκόσμῳν

149 2712 221 2768 obire,
242 2723 311 2772 quum
328 2709 364 2756 luc
382 2710 459 2758 adrat:
476 2724 511 2768 pte
529 2714 603 2758 cutem
622 2711 659 2757 dt·
701 2703 874 2773 διαστηματα
892 2705 973 2768 (Drog.
1017 2706 1076 2765 .X‚
1098 2710 1148 2771 89),
1174 2708 1215 2758 dre

85 2822 88 2831 ,
149 2778 220 2827 ccbct.
257 2771 360 2822 lsocrat.
381 2771 485 2822 Pauatb.
515 2788 537 2822 c.
558 2775 605 2824 85:
628 2770 660 2823 σὺ
702 2773 921 2823 Zwiscbenraiume
945 2773 1071 2825 zwiscben
1095 2777 1142 2826 den
1165 2791 1214 2825 von

147 2838 200 2910 μὲν
224 2836 371 2901 πεποίησαι
398 2836 461 2894 τοὺς
485 2835 583 2906 λόγους
605 2836 661 2910 (ἐμὲ
703 2842 752 2890 ibm
770 2843 1216 2904 angenommenenunendlicbvielen

148 2906 244 2975 λέγων)
271 2902 307 2963 ὥς
324 2900 358 2957 ἂν
376 2900 475 2957 ἅπαντ’
496 2902 662 2976 ἆποδεχομέ-
704 2907 817 2960 Welten.
856 2908 882 2960 S.
903 2918 977 2960 nnten
994 2927 1015 2961 c.
1037 2913 1077 2970 20,
1103 2914 1144 2964 53.

148 2993 197 3027 νου
213 2991 268 3044 μου
285 2968 422 3026 τάκείνων.
451 2975 524 3028 Mebr
538 2977 617 3040 dergl.
638 2993 658 3026 s.
737 2981 843 3056 Plctocis⁸
857 2983 885 3056 de
897 2981 1073 3058 Timocodeum.
1097 2978 1215 3057 Timaeus

149 3043 326 3163 zuodsaddldctd.
346 3045 447 3164 dddonc.
482 3084 555 3162 Weil
589 3111 662 3161 beide
705 3044 851 3174 ddldgddd‘dld,
867 3045 1216 3163 ldcddetdmiddltdrdicddnaddb

151 3177 224 3227 einen
249 3179 298 3226 und
323 3178 456 3229 denselbcn
483 3196 539 3228 zurn
565 3178 662 3229 Lelrrcr
704 3179 776 3229 Plato
804 3195 926 3241 gencssen
952 3180 1031 3230 baben
1061 3178 1121 3239 soll,
1153 3182 1216 3230 nacb

151 3246 257 3308 gebabt:
284 3250 471 3313 codemctcrquc
488 3251 597 3311 mapistrc
616 3252 661 3298 usi.
706 3247 757 3296 Cic.
785 3247 815 3296 de
834 3248 937 3314 Republ.
963 3248 982 3305 l,
1006 3250 1044 3304 10,
1068 3250 1107 3299 16.
1144 3247 1216 3298 Plato
1310 3306 1313 3314 ἱ

150 3313 233 3364 Ueber
250 3311 320 3362 Pbilo
338 3328 358 3362 s.
379 3329 410 3362 zu
429 3329 451 3362 c.
472 3315 495 3372 3,
518 3316 542 3365 6.
704 3313 768 3364 liisst
785 3314 826 3363 ibn
844 3316 868 3364 in
887 3317 942 3365 dem
960 3315 1022 3364 naob
1041 3315 1090 3364 ihm
1108 3315 1217 3366 benenn-

184 3385 244 3432 nibil
261 3385 320 3432 scire
337 3384 461 3432 didicistis.
497 3379 569 3430 Weil
596 3383 663 3430 naim·
704 3390 747 3431 teo
773 3381 860 3445 Dialog
892 3383 961 3433 seioe
991 3383 1125 3433 Ansicbteo
1156 3385 1218 3434 tiber

148 3449 199 3500 licb
229 3448 275 3497 der
300 3448 468 3497 Akademiker
497 3447 534 3498 sic
566 3448 664 3510 gelebrt
706 3450 765 3501 Gott
782 3452 831 3499 und
850 3450 890 3501 die
908 3450 1074 3514 Erscballung
1092 3451 1219 3503 dchelt

150 3517 234 3575 batte,
263 3515 321 3565 dass
340 3532 367 3566 es
385 3515 525 3581 riberbaupt
542 3530 587 3578 gar
604 3517 662 3566 lein
704 3526 854 3581 vortragem
885 3519 935 3567 uod
959 3519 1018 3569 dass
1042 3519 1066 3569 in
1090 3520 1136 3569 der
1153 3519 1219 3571 Tbat

149 3583 257 3634 Wissen
275 3583 345 3646 gcbe.
372 3582 452 3633 Wobl
466 3583 491 3632 in
504 3583 663 3648 Erinncrung
704 3585 755 3636 viel
771 3585 1007 3653 Pythagoreiscbes
1027 3603 1083 3638 was
1100 3587 1218 3639 Timaeus

109 3672 113 3684 ·
150 3667 182 3702 cn
207 3652 276 3701 diesc
300 3650 377 3702 Stcllo
396 3658 459 3712 'sagt
482 3653 544 3700 auch
569 3651 665 3702 Seneca
706 3654 1035 3721 wirklicbgclebrtlhabcn
1053 3671 1117 3719 mag,
1139 3657 1164 3706 in
1179 3658 1220 3721 jo-

151 3719 224 3784 epist.
245 3720 292 3770 88:
321 3722 450 3791 Academici
466 3737 548 3770 coeam
565 3725 665 3771 induco·
707 3737 763 3771 nem
787 3722 877 3785 Dialog
900 3723 1026 3774 entholtcn
1045 3724 1095 3783 sei,
1125 3724 1159 3775 ist
1176 3741 1220 3774 un-

151 3791 347 3850 ructscientiom,
367 3791 426 3838 nibil
444 3791 517 3839 scire:
536 3787 585 3835 und
603 3786 666 3836 Lac·
707 3788 821 3852 ldugbar.
855 3790 940 3842 Daber
958 3792 1013 3842 hier
1029 3796 1062 3845 Pl.
1082 3797 1110 3846 de
1129 3797 1218 3846 Timaeo
1260 3848 1268 3859 „

150 3857 213 3904 iant.
234 3852 275 3910 lll,
298 3857 344 3906 14:
372 3859 433 3907 Haec
450 3856 590 3917 (Academia)
608 3859 674 3907 citit*
709 3861 776 3908 dcem
793 3874 813 3907 s.
833 3874 857 3907 v.
878 3859 916 3909 als
935 3866 963 3913 dc
984 3864 1074 3914 Timaeo
1088 3870 1219 3929 occeptum:

154 3926 228 3985 docet,
247 3925 294 3973 nisi
311 3932 336 3972 ot
354 3926 414 3973 scios
432 3933 453 3974 tc
470 3927 530 3974 nibil
548 3927 613 3975 scire.
710 3924 779 3982 „den
798 3924 858 3975 Gctt
873 3925 973 3986 Plato's,
996 3929 1043 3978 deo
1063 3927 1147 3978 dieser
1164 3944 1220 3978 vom

527 4079 533 4114 l

1199 4146 1212 4179 b
