2640 4418
175 308 234 375 190
519 320 563 370 nu
581 319 716 371 ulrum
733 318 880 372 annuunt.

170 484 218 538 ost
249 475 396 556 primum,
431 473 509 553 quod
532 466 736 535 interamnae
759 474 819 535 nisi
842 474 999 536 admodum
1028 474 1138 554 impios
1160 494 1239 539 oon-

172 559 268 633 venit,
302 559 376 621 mihi
410 559 528 638 quidem
552 578 587 620 en
610 558 709 620 animo
733 561 799 621 erui
821 577 881 619 non
904 567 1018 638 potest,
1053 556 1237 623 esse‘deos:

167 645 202 726 id
224 653 322 706 tamen
344 645 457 723 ipsum,
482 644 560 722 quod
582 643 655 704 mihi
678 656 852 723 persuasum
874 655 921 705 est
942 644 1117 707 auctoritate
1138 645 1236 709 maio·
1293 710 1296 718 ,

108 734 110 738 “
171 749 252 804 rum,
274 748 334 791 ,cnr
351 729 391 789 ita
414 728 466 800 sit,
497 728 571 789 nihil
593 736 624 789 tu
647 747 694 788 me
717 729 822 790 doces·
862 728 942 800 Quid
964 738 1025 801 est,
1049 729 1146 808 inquit
1166 731 1264 792 aar-⁴

171 813 243 887 bus,
272 815 299 875 si
321 814 375 874 tibi
397 809 571 892 persuasum
595 822 670 885 est,
689 832 742 874 our
769 831 785 873 a
807 831 854 874 me
874 814 949 874 velis
972 811 1113 875 disceret
1157 815 1235 877 Tum

163 899 271 971 totta,
304 898 381 970 Quia
403 897 448 958 sic
475 897 648 975 aggredior,
682 897 793 978 inquit,
826 897 864 961 ad
892 898 969 959 hanc
991 899 1235 976 disputationem,

172 976 257 1062 quasi
292 983 364 1043 nihil
399 994 538 1062 umquam
572 982 716 1043 audierim
745 983 782 1043 de
811 982 869 1043 diis
892 981 1124 1057 immortalibus,
1159 984 1236 1046 nihil

171 1068 378 1145 cogitaverim
401 1068 504 1128 rudem
520 1086 568 1127 me
590 1066 770 1147 discipulum
793 1075 823 1127 et
844 1067 991 1145 integrum
1007 1068 1119 1147 accipe,
1144 1077 1174 1130 et
1200 1088 1236 1132 ea

142 1163 247 1231 aquae
269 1153 389 1236 requiro
412 1152 495 1213 doce.
540 1151 719 1228 Dicigitur,
743 1151 813 1229 quid
835 1153 980 1230 requiras.
1018 1151 1149 1230 Egone?
1169 1154 1235 1234 pri·

169 1255 249 1299 mum
277 1237 366 1310 illud,
395 1228 462 1310 c'ur,
494 1237 574 1315 quod
602 1236 633 1296 in
662 1235 719 1296 ista
747 1236 907 1313 pauitioue
943 1255 980 1302 ue
1004 1254 1090 1314 egere
1113 1238 1234 1316 quidem

169 1322 313 1383 oratione
326 1321 463 1394 dixisses,
479 1321 564 1400 ¹quod
588 1323 671 1381 esset
689 1320 880 1399 perspicuum
903 1329 932 1381 et
947 1321 1025 1382 inter
1040 1340 1144 1383 omnes
1161 1339 1234 1384 con·

170 1415 277 1479 staret,
310 1407 346 1482 de
369 1412 404 1467 'eo
427 1405 495 1488 ipso
517 1413 577 1465 tam
598 1399 689 1465 multa
713 1404 832 1477 dixeris.
854 1406 954 1489 ‘Quia
979 1414 1006 1466 te
1029 1425 1162 1486 quoque,
1187 1407 1233 1468 in-

170 1490 251 1570 quit,
271 1490 473 1561 animadverti,
497 1489 590 1561 Cotta,
615 1507 714 1568 saepe,
739 1507 829 1568 quum
851 1490 882 1551 iu
904 1491 969 1551 foro
993 1490 1119 1560 diceres,
1143 1510 1231 1570 quam

167 1570 305 1655 plurimis
335 1593 442 1652 posses
472 1572 655 1651 argumentis
678 1571 803 1635 onersr'e
825 1573 971 1646 iudicem,
1005 1575 1143 1636 simodo
1167 1586 1233 1638 eam

92 1698 95 1702 Δ
169 1660 339 1720 facultatem
361 1658 415 1719 tibi
438 1658 523 1721 daret
544 1676 659 1719 caussa.
702 1660 797 1738 Atque
825 1659 883 1720 hoc
902 1659 985 1720 idem
1007 1668 1037 1720 et
1057 1658 1233 1742 philosophi

169 1743 281 1804 faciant
303 1752 333 1802 et
355 1760 425 1820 ego,
460 1751 493 1804 ut
513 1742 613 1821 potui,
646 1743 713 1804 feci.
750 1743 958 1821 ausuram„
974 1744 1024 1824 qui
1045 1744 1078 1831 id
1101 1747 1231 1824 qnaeris,

169 1827 307 1896 similiter
328 1828 402 1903 facis
425 1846 459 1888 ac
481 1827 576 1903 sime
599 1845 697 1909 roges,
731 1844 784 1888 cur
804 1836 833 1888 te
856 1828 972 1888 duobus
995 1830 1230 1901 collinearssocu·

27 1976 29 1981 ,
111 1907 207 1979 ¹llis
229 1921 264 1974 ‘et
296 1931 358 1972 non
390 1912 499 1984 altero,
534 1912 623 1990 quum
652 1912 731 1973 idem
761 1931 819 1973 uno
843 1914 962 1991 assequi
985 1914 1110 1992 possim.
1154 1914 1232 1977 Tum

139 1997 270 2070 assotta,
301 1997 394 2068 Quam
417 1997 513 2058 simile
537 1997 614 2057 istud
637 1997 691 2081 sit,
721 1997 831 2076 inquit,
853 1993 1034 2072 tu'videris.
1077 1998 1152 2059 Nam
1174 2018 1231 2078 ego

168 2100 266 2160 neque
290 2081 319 2142 in
342 2081 473 2148 caussis.
508 2080 535 2141 si
557 2077 697 2159 quidest
719 2081 855 2151 evidens,
885 2082 921 2145 de
944 2100 1002 2162 qno
1025 2083 1103 2144 inter
1125 2102 1232 2146 omnes

169 2166 339 2239 conveniat,
363 2165 561 2247 argumentari
584 2166 680 2226 soleo:
715 2166 914 2244 perspicuitas
939 2167 1019 2228 enim
1041 2177 1235 2244 argumenta*
1304 2202 1308 2211 .

167 2251 250 2311 tione
273 2250 417 2311 elevatur:
441 2267 505 2321 nec,
528 2248 554 2310 si
577 2249 606 2310 id
629 2250 803 2321 faceremiu
820 2251 934 2312 caussis
949 2249 1127 2324 forensibus,
1148 2252 1234 2316 idem

167 2336 294 2396 facerem
323 2328 354 2395 in
384 2335 439 2395 hac
467 2330 629 2405 subtilitate
651 2334 808 2395 sermonis.
852 2336 911 2397 Cur
933 2345 1108 2398 contuerere
1129 2345 1232 2400 autem

167 2419 260 2481 altero
290 2419 393 2495 oculo,
412 2454 414 2458 ·
430 2411 543 2480 caass‘a'
563 2437 623 2479 uon
652 2427 749 2493 esset,
786 2416 875 2499 quum
904 2421 984 2482 idem
1004 2420 1128 2483 obtutus
1150 2430 1233 2501 essct

167 2502 336 2580 amborum,
370 2512 399 2564 et
428 2502 518 2581 quum
540 2522 638 2565 rernm
661 2511 780 2575 natura,
810 2522 897 2583 quam
920 2515 951 2566 tu
974 2505 1140 2584 sapientem
1162 2525 1231 2571 esse

166 2589 227 2675 vis,
260 2587 319 2648 dno
350 2587 462 2653 lumina
491 2588 527 2648 ab
556 2587 656 2648 animo
686 2589 722 2649 ad
745 2589 848 2650 oculos
870 2591 1020 2671 perfucata
1042 2608 1097 2650 nos
1119 2591 1230 2652 habere

165 2669 320 2747 voluisset.
365 2672 423 2733 Sed
447 2672 516 2750 quia
539 2689 599 2731 non
622 2672 791 2733 confidebas
815 2683 872 2734 tam
895 2692 962 2735 esse
984 2675 1015 2735 id
1036 2675 1229 2755 perspicuum

167 2774 255 2837 quem
283 2764 315 2817 tu
341 2757 449 2826 uelles,
484 2757 765 2835 proptereamaltis
788 2759 968 2836 argumentis
991 2760 1228 2821 deos'essedo-

167 2861 236 2904 cere
258 2841 389 2903 voluisti.
428 2839 499 2901 Mihi
524 2840 604 2902 enim
625 2859 714 2902 unum
737 2843 810 2903 satis
833 2854 903 2915 erat,
926 2844 968 2904 ita
989 2843 1077 2905 nobis
1099 2843 1231 2906 maiores

166 2934 286 2987 nostros
314 2916 485 2987 tradidisse.
529 2925 588 2988 Sed
618 2933 650 2986 tu
678 2927 867 2990 auctoritates
897 2929 1078 3001 contemnis,
1111 2928 1231 2992 ratione

168 3078 342 3138 sammenhang
354 3075 387 3124 ist
398 3075 494 3125 dieser:
516 3080 536 3126 si
546 3080 572 3127 id
585 3085 618 3128 est
626 3081 676 3143 pri·
719 3076 848 3139 eigautlich
866 3091 926 3133 nur,
955 3075 1066 3138 ohgleieh
1083 3078 1129 3128 mit
1146 3078 1230 3131 ciuem

167 3163 235 3206 mum,
256 3162 304 3196 esse
323 3148 385 3205 deos,
405 3147 516 3209 idipsum
529 3161 569 3195 car
585 3148 619 3195 ito
635 3148 674 3206 sit,
717 3142 833 3200 Zusutze,
853 3144 1010 3194 wiederholt.

167 3215 227 3262 eiad
250 3219 274 3262 tto
294 3229 330 3262 me
354 3214 430 3262 doces.
467 3209 506 3258 Da
529 3210 591 3260 ahor
614 3211 676 3260 nach
752 3214 777 3264 8.
796 3215 891 3276 Epope?
918 3209 944 3260 S.
965 3228 995 3262 zu
1013 3212 1032 3271 l,
1054 3215 1076 3271 7,
1098 3214 1139 3264 16.

167 3279 222 3328 dem
241 3285 324 3327 ersten
343 3275 430 3326 Gliede
453 3279 514 3327 noch
539 3279 584 3328 dar
601 3278 678 3328 zwei-
751 3275 782 3334 4.
801 3281 825 3331 9.
847 3283 918 3337 Quom
935 3283 1009 3333 simite
1026 3285 1086 3333 illud
1098 3285 1136 3345 sit,
1156 3289 1181 3333 to
1193 3287 1231 3334 oi-

166 3344 432 3409 theiligeRelativsatz
446 3351 507 3411 quod
520 3374 595 3384 --
608 3350 677 3398 ocimi
719 3350 787 3398 deris.
823 3345 885 3395 Eine
903 3343 1039 3411 Weudnng
1064 3348 1104 3399 die
1122 3365 1153 3399 zu
1171 3364 1232 3401 vor-

165 3433 212 3467 eoe
227 3423 303 3480 potest
320 3412 499 3475 eingeschohen
517 3413 557 3470 ist,
588 3428 615 3462 so
633 3414 678 3462 hat
718 3414 789 3463 stelin
801 3411 876 3475 gicht,
892 3413 950 3464 dass
963 3416 1009 3466 der
1020 3416 1173 3483 Gegucphei
1185 3432 1230 3481 pe·

167 3482 220 3533 dies
232 3480 378 3536 venundasse
386 3481 430 3531 des
444 3479 612 3543 Gegensatzos
623 3496 676 3531 we·
718 3495 825 3531 naucrer
842 3481 986 3546 Erwdgung
1004 3484 1056 3534 sich
1065 3484 1133 3535 wohl
1150 3484 1232 3536 selhst

166 3564 214 3612 gen
231 3549 271 3601 ein
288 3558 362 3602 temes
379 3549 435 3599 dem
452 3549 570 3598 udchston
589 3547 676 3599 Gliedo
716 3563 765 3598 von
784 3548 838 3599 dem
855 3549 1031 3617 Unpasseuden
1050 3542 1229 3616 des‘Verglei-

166 3617 329 3679 ainzuffagen;
344 3618 393 3666 und
407 3632 446 3666 um
458 3618 530 3666 recht
539 3616 676 3666 ausdriiok-
718 3616 1041 3680 chosdherzeugenwerde.
1061 3619 1181 3670 Aehnlieh
1193 3621 1229 3671 do

163 3682 214 3735 liclr
226 3685 274 3735 don
287 3684 449 3735 Unterschiod
461 3684 590 3735 zwisehen
599 3683 674 3733 Glari·
717 3683 799 3734 nsvin.
808 3683 838 3743 ll,
851 3687 891 3744 53,
906 3689 967 3739 108:
982 3692 1040 3750 vide,
1054 3706 1231 3755 quaesusumus

165 3751 213 3802 hen
232 3750 391 3803 nndWissen
409 3751 622 3808 hervorzuueben,
641 3751 675 3801 ist
715 3756 981 3817 aictistostmilio;uom
990 3759 1225 3808 mihinouaideatur.

166 3822 228 3870 auch
254 3820 308 3870 hier
329 3819 427 3870 wieder
450 3820 495 3870 der
520 3819 673 3869 Relativsata
748 3824 793 3888 duo
810 3825 911 3875 lumino:
934 3823 999 3872 zwei
1022 3821 1230 3886 Lichtdlfuungcn

166 3888 352 3950 eingesehohen
374 3886 673 3954 qaod—ooctoritotemo-
715 3887 777 3937 oder
794 3888 956 3947 Sehaldcher3
981 3890 1032 3940 wie
1056 3891 1124 3940 nicht
1146 3891 1230 3943 sellan

164 3961 246 4022 domm,
261 3957 307 4006 der
318 3955 363 4005 das
375 3955 450 4004 schoa
460 3955 552 4004 vorher
563 3953 672 4018 Gesagto
714 3959 800 4010 lumino
807 3958 869 4008 euch
882 3957 923 4007 fur
933 3965 1045 4024 fenestrae
1054 3966 1142 4021 gasagt
1148 3959 1227 4010 wird.
