2640 4418
467 337 823 395 „mmmmm
1122 331 1183 392 tw

111 511 178 554 rum
210 492 405 566 tribueretur,
444 494 497 553 sed
531 493 621 555 etiam
650 512 734 554 sacra
763 493 1028 557 constituerentur.
1077 497 1183 558 Febris
1291 520 1296 525 ·

61 647 63 652 ‚
113 578 192 637 enim
216 578 316 638 lanum
340 576 370 637 in
392 577 508 638 Palatio
531 587 561 639 et
577 578 716 640 Orbonae
739 579 775 639 ad
797 578 902 640 aedem
917 580 1027 641 Larum
1049 588 1079 642 et
1102 600 1181 642 aram
1201 637 1205 644 .

109 661 204 722 Malae
225 662 375 722 Fortunae
396 661 541 740 Esquiliis
563 660 766 724 consecratam
788 663 933 724 videmus
963 665 1067 726 Omnis
1091 665 1182 743 igitur
1195 676 1226 727 ol

113 745 180 806 talis
203 766 218 806 a
242 745 586 826 pbilosopbia'pellatur
608 765 708 821 error,
730 752 778 821 ul,
807 766 898 826 quum
920 748 957 810 de
979 750 1037 810 diis
1060 749 1182 812 immor-

111 827 219 891 talibus
252 829 455 908 disputemus,
490 830 624 892 dicamus
648 831 746 909 'digna
780 831 839 892 diis
876 832 1111 907 immortalibus,
1145 835 1182 895 de

111 914 220 991 quibus
242 914 339 975 babeo
363 915 430 993 ipse
471 915 549 993 quad
574 916 717 989 sentiam,
753 934 813 977 non
842 917 938 977 babeo
968 926 1066 979 autem
1102 918 1182 998 quad

109 997 163 1058 tibi
195 999 353 1060 assentiar.
396 999 574 1078 Neptunum
599 1019 670 1083 esse,
699 999 777 1061 dicis
810 1000 940 1062 animum
974 1021 1042 1063 eum
1070 1003 1180 1064 intelli-

108 1083 209 1157 gentia
229 1101 286 1162 per
306 1101 388 1144 mare
400 1085 625 1163 pertinentem,
648 1085 729 1146 idem
752 1085 789 1146 de
813 1086 931 1147 Cerere.
968 1086 1062 1147 lstani
1082 1096 1182 1149 autem

109 1165 336 1245 intelligentiam
359 1176 410 1228 aut
430 1168 522 1230 maris
543 1171 596 1229 aut
618 1180 715 1231 terrae
737 1188 797 1230 non
818 1171 908 1230 modo
925 1160 1195 1249 comprehendere

108 1250 223 1326 animo,
253 1252 306 1313 sed
329 1271 367 1312 ne
389 1252 563 1331 suspicione
586 1254 706 1334 quidem
729 1272 852 1333 possum
876 1254 1031 1331 attingere.
1076 1255 1183 1334 ltaque

108 1335 229 1396 aliunde
262 1335 336 1396 mibi
366 1338 569 1415 quaerendum
597 1347 658 1412 est,
691 1347 724 1400 ut
752 1346 782 1398 et
810 1356 878 1399 esse
911 1339 984 1399 deos
1019 1348 1048 1400 et
1076 1341 1180 1418 quales
1231 1362 1237 1378 .

23 1435 27 1439 ·
108 1421 169 1480 sint
192 1419 243 1491 dii,
267 1420 385 1481 discere
406 1421 531 1500 possim,
555 1441 642 1501 quam
666 1423 770 1501 quales
791 1431 824 1483 tu
847 1441 899 1482 eos
915 1441 982 1484 esse
998 1423 1053 1483 vis.
1075 1424 1223 1486 videa-65

107 1519 186 1564 mus‘
214 1522 264 1576 ea,
305 1522 381 1583 quae
415 1513 595 1584 sequuntur:
632 1507 762 1586 primum
797 1508 960 1568 deorumne
992 1508 1180 1587 providentia

27 1639 31 1644 .
106 1587 235 1653 mundus
257 1596 393 1666 regatur,
423 1589 533 1650 deinde
563 1592 758 1652 consulantne
786 1592 877 1653 rebus
905 1592 1055 1654 humanis.
1099 1593 1180 1654 Haec

108 1671 195 1747 enirn·
211 1672 285 1733 mibi
309 1692 344 1734 ex
367 1683 415 1734 tua
438 1673 599 1752 partitione
621 1684 737 1736 restant
752 1676 821 1736 duo.
852 1676 895 1737 lle
911 1677 1029 1755 quibus,
1052 1676 1078 1737 si
1094 1677 1179 1738 vobis

106 1757 240 1835 ridetur,
275 1758 442 1820 accuratius
476 1757 686 1820 disserendum
717 1767 800 1838 puto.
854 1760 926 1820 Mihi
962 1780 1048 1832 vero,
1082 1763 1181 1843 inquit

36 1855 38 1858 ⁴
106 1841 246 1915 Velleius,
268 1841 354 1903 valde'
375 1842 508 1916 videtur3
537 1860 606 1903 nam
628 1851 658 1903 et
679 1845 791 1904 maiora
807 1854 948 1920 exspecto
972 1854 1001 1905 et
1020 1845 1079 1918 bis,
1103 1864 1179 1925 quae
1260 1848 1262 1855 ’

107 1924 187 2006 dieta
211 1935 295 2002 sunt,
316 1923 510 1990 vehementer
531 1926 690 1988 assentior.
736 1927 821 1986 Tum
833 1927 960 2000 Balbus,
982 1928 1179 2009 Interpellare

60 2059 65 2072 ,
106 2017 152 2083 te,
186 2010 301 2090 inquit,
332 2012 432 2085 Cotta,
461 2011 547 2084 nolo,
578 2012 629 2072 sed
654 2030 807 2072 sumemus
835 2021 954 2091 tempus
982 2012 1079 2090 aliud3
1113 2015 1178 2075 elli·

106 2093 183 2155 oiam
205 2097 358 2175 prolecto,
383 2105 416 2157 ut
437 2098 561 2158 fateare.
606 2096 744 2158 Sed***

513 2180 628 2263 (Multa
651 2178 782 2250 desunt.)
983 2261 986 2267 A

124 2263 342 2345 *Nequaquam
363 2269 441 2328 latua
464 2271 541 2326 lotae
563 2271 634 2327 iit:
656 2269 765 2344 neuqua
786 2270 865 2325 lueet
888 2267 1023 2327 certatio.

105 2408 111 2416 ,
148 2348 227 2411 Na'au
247 2359 282 2410 ut
304 2367 354 2428 eqo
377 2348 440 2410 illis
462 2349 667 2429 supplicarem
688 2350 776 2411 tdnta
798 2347 1080 2428 blandiloquium?
1114 2388 1120 2393 -

139 2483 180 2533 64.
207 2484 336 2548 Neptunum
363 2486 421 2534 dieis
449 2487 549 2534 animum
575 2492 617 2536 eta.
660 2483 762 2553 sebung,
786 2482 835 2531 und
853 2481 893 2531 ein
908 2481 985 2532 Sldclr
1003 2482 1048 2532 des
1066 2483 1172 2545 vierteu,

105 2547 165 2598 Dies
191 2549 292 2599 beziobt
315 2548 368 2598 siclt
392 2549 439 2599 aul
459 2548 489 2607 11,
511 2551 551 2607 28,
573 2553 614 2608 71,
660 2565 740 2613 gcgen
759 2549 800 2600 die
821 2550 960 2600 besondere
980 2550 1105 2614 Fdrsorge
1129 2553 1188 2602 der*

48 2661 55 2667 ,
104 2633 145 2667 wo
164 2631 236 2667 zwar
252 2613 397 2667 dieWorte
415 2625 496 2668 etwas
514 2618 614 2676 anders,
661 2617 750 2669 Gdtter
768 2618 810 2668 sair
828 2618 868 2668 die
886 2617 1030 2676 Mensoben,
1057 2620 1176 2671 vorlaren

104 2685 151 2735 der
169 2684 229 2747 Sina
248 2685 310 2736 aber
326 2685 442 2736 derselbe
460 2685 501 2736 ist.
516 2713 546 2724 -
566 2686 618 2737 Das
660 2701 798 2749 gegangen.

105 2752 220 2815 folgeude
238 2758 299 2805 idam
317 2757 436 2806 dedecere
447 2753 534 2810 istmit
542 2756 618 2804 11196-
695 2751 748 2810 ⁶26.
775 2756 816 2806 66.
852 2757 1001 2820 Nequaquam
1027 2757 1088 2804 istuc
1116 2757 1175 2806 istac

104 2819 172 2881 liger
188 2820 272 2870 Kdrze
297 2828 401 2882 gesegt,
430 2820 480 2870 die'
494 2817 622 2872 sicb'nur-
660 2826 703 2873 itit
721 2830 762 2873 eta.
797 2821 850 2870 Aus
875 2820 921 2869 der'
942 2818 1034 2882 Medae
1057 2819 1175 2885 dffe-

105 2886 261 2937 anzudeuten
279 2886 404 2948 begudgt'‚
425 2901 480 2937 was
499 2889 545 2937 der
561 2903 619 2938 vor-
661 2887 729 2952 pirus,
760 2886 941 2952 entspreebend
968 2883 1172 2939 (19616656.

58 2957 62 2963 “
105 2954 219 3015 stdndige
234 2952 315 3002 Leser
333 2952 412 3003 selbst
427 2953 619 3004 vervollstdndi·
661 2954 708 3004 der
724 2953 933 3021 Euripideiscbea
950 2951 1092 3014 Tragddie:
1113 2947 1172 3004 ἀλλ’

104 3037 152 3085 geu
169 3021 258 3071 wird.-
661 3015 721 3070 οὔτι
737 3016 821 3081 ταύτῃ
835 3020 931 3077 ταῦτα,
950 3016 988 3088 μὴ
1006 3017 1109 3072 δοκεῖτέ
1119 3039 1172 3072 πω.

47 3129 50 3133 .
129 3093 232 3142 ,aliunde
244 3104 353 3152 -quam
371 3090 451 3152 quales
469 3097 494 3139 tu
512 3106 550 3139 eos
568 3105 619 3140 essa
660 3081 701 3138 ἔτ’
721 3081 776 3138 εἴσ’
797 3069 901 3169 alpadum
917 3090 975 3142 τοῖς
992 3085 1090 3160 νςωστὶ
1107 3107 1174 3158 νυμ-

103 3162 146 3209 au's.
183 3156 216 3207 So
235 3156 291 3206 sind
305 3154 345 3204 die
356 3154 449 3206 Warte
467 3171 499 3205 zu
516 3154 618 3204 verbin-
661 3152 748 3223 φίοις,
776 3171 822 3205 και
854 3157 928 3205 τοῖσι
955 3151 1120 3214 κηδεύσασιν
1133 3151 1175 3208 -οὗ

104 3225 161 3274 den.
209 3224 262 3275 Der
289 3222 409 3274 Gadanlre
440 3223 530 3274 wiirde
556 3221 618 3272 voll-
661 3219 773 3290 σμικροὶ
789 3218 878 3273 πόνοι.
900 3220 1057 3340 dauelrpdp
1083 3220 1118 3273 ἄν
1140 3241 1176 3292 με

104 3291 204 3354 standig
222 3291 432 3353 und'regelrecbt
450 3290 620 3354 ausgedrrickt
660 3285 742 3342 τόνδε
758 3283 976 3342 θωπεῦσαίποτ’
1016 3308 1090 3352 r,·-
1105 3294 1173 3342 Ancb

104 3367 173 3409 etwa
191 3375 218 3409 so
236 3359 336 3409 leuton:
357 3363 451 3412 aliunde
469 3372 620 3426 qaam‘aaea
662 3358 702 3408 die
720 3359 854 3409 welterbin
872 3358 1019 3422 folgenden:
1040 3362 1081 3410 ille
1098 3368 1175 3411 traus-

104 3428 260 3493 dlsputatiaue
278 3445 324 3493 qua
341 3437 380 3491 tu,
408 3431 488 3491 quales
512 3445 551 3479 eos
569 3444 619 3478 essa
660 3444 728 3493 nossa
761 3436 834 3478 maula
863 3437 904 3479 eta.
941 3426 997 3475 sind
1032 3425 1176 3476 ebendaber

102 3499 182 3557 uelles,
208 3500 345 3561 eaposulsti.
388 3495 457 3544 Aber
483 3493 523 3544 die
544 3495 618 3544 nacb-
661 3494 710 3543 und
728 3488 892 3560 entsprecbeu
911 3490 958 3544 deb
968 3493 1196 3559 Euripideiseben,

102 3560 226 3624 lassigero
243 3561 412 3623 Verluiraung
435 3561 468 3610 ist
489 3553 544 3611 dbrn
562 3558 621 3611 Tan
661 3562 719 3613 371.
740 3563 798 3613 398.
825 3564 853 3619 9,
882 3560 982 3611 obwobl
1009 3561 1047 3610 sie
1070 3561 1174 3611 ehenso-

102 3628 150 3679 der
192 3628 351 3691 elltdglielten
385 3628 617 3695 Umgangsspracbe
659 3629 744 3691 wenig
760 3630 811 3680 wie
829 3629 870 3678 die
889 3628 978 3690 obigen
996 3643 1060 3691 gana
1084 3635 1174 3691 getreu

103 3710 167 3758 ganz
185 3711 357 3759 angcmessen.
483 3739 489 3744 ..
660 3696 789 3747 ubersetzt
805 3697 869 3746 sind.
907 3695 954 3746 Die
973 3695 1078 3759 librigen
1092 3695 1173 3747 Verse

111 3786 113 3791 ’
137 3763 227 3816 6616
251 3764 298 3814 der
321 3778 426 3826 gronam
448 3778 499 3812 nun
522 3763 617 3826 loigeri·
659 3764 685 3814 in
709 3764 734 3830 5.
756 3766 788 3817 66
813 3764 862 3813 und
888 3765 919 3816 61
943 3763 1023 3813 buben
1048 3778 1120 3814 zwar
1148 3765 1174 3821 in

105 3831 152 3881 den
182 3830 268 3881 Inieke
298 3831 332 3881 ist
364 3832 410 3882 der
425 3845 514 3894 -ganze
540 3831 617 3882 dritte
660 3832 706 3882 der
717 3831 925 3898 Euripideiscben
937 3830 1028 3881 Medea
1045 3832 1099 3882 ihre
1108 3831 1175 3883 Vor-

102 3897 189 3957 Tuan,
217 3898 257 3949 die
275 3900 555 3979 Auseiuandersepzuug
572 3899 618 3949 der
659 3898 742 3971 bilder
759 3899 838 3958 niobt3
867 3899 904 3948 sie
922 3898 1020 3948 konnen
1038 3899 1175 3971 9691196·

101 3966 236 4018 llinwirrlo
252 3981 332 4030 gagen
350 3967 391 4017 die
416 3965 534 4038 qbttbebe
551 3964 616 4018 Vor-
659 3968 872 4030 sanungeaebtat
888 3966 914 4016 in
931 3965 1173 4042 derEaeianiscbeu
